1981 3182
0 0 172 98 Vff'
179 0 258 11 --x=‹*
280 0 284 2 ·
307 0 328 5 ¹·
364 0 369 2 ⁷

22 76 29 86 Ι

17 2818 22 2928 t

18 2933 22 2984 l

124 140 217 177 Cam
243 141 337 176 2360
614 141 697 175 Tl'r.
723 141 808 175 XV.
838 162 851 167 -
880 142 938 176 De
963 143 1128 177 crimine
1153 142 1249 185 falsi
1676 147 1746 181 271

122 263 160 303 in
194 260 326 303 forma
363 260 517 313 Brevis,
551 265 589 303 et
623 263 746 303 etiam
781 260 880 304 falso
913 263 1125 317 signantes
1157 262 1478 319 supplicationes
1512 263 1746 308 huiusmodi

120 330 196 374 sub
219 333 385 374 nomine
410 330 582 374 Romani
611 331 830 382 pontificis,
849 345 921 374 seu
945 330 1310 376 Vice-(jaiicellarii
1335 339 1404 377 aut
1427 332 1616 378 Gerentis
1638 338 1750 379 vices

59 408 62 409 ’
123 401 426 457 praedictorum
452 417 492 443 ».
527 400 657 444 Alteri
692 401 966 444 correlativae
1000 402 1070 445 sed
1112 418 1132 443 <c
1156 402 1369 459 Episcopis
1401 406 1490 447 sive
1514 402 1749 449 Ordinariis

122 476 359 515 reservatae
406 471 625 515 subiacere
673 472 960 515 declarantur:
1003 472 1119 514 ...lll.
1156 473 1318 517 Litteris
1361 475 1597 530 apostolicis
1640 476 1750 519 falsis

121 544 299 585 scienter
332 547 506 594 utentes,
546 542 608 586 vel
643 545 808 586 crimini
843 555 890 586 ea
926 545 962 584 in
1001 556 1042 586 re
1078 549 1409 600 cooperantes».

240 610 405 657 Omissa
439 615 745 669 cooperatione,
779 618 982 670 quatenus
1032 614 1133 657 llaec
1183 628 1260 657 uon
1297 616 1675 672 comprehendatur
1710 620 1747 660 in

122 696 280 726 canone
312 696 420 727 nunc
455 683 716 739 explanando
750 689 918 740 propter
949 696 1038 729 can.
1076 685 1201 730 2231,
1237 690 1399 728 ceterae
1433 688 1615 729 actiones
1647 687 1748 730 dcli—

123 759 235 797 ctum
270 754 355 798 falsi
389 754 526 798 adhuc
561 756 826 809 constituunt,
853 756 910 797 rei
938 768 1036 798 vero
1061 755 1245 798 falsitatis
1269 756 1537 812 quamplures
1572 760 1747 800 inveniri

123 830 278 881 queunt
312 827 471 868 ratione
513 834 699 868 actorum
746 838 851 881 quae
896 825 1180 879 salsiticantur,
1218 826 1279 869 vel
1314 829 1371 869 sic
1407 829 1443 869 in
1480 841 1598 870 usum
1634 829 1750 871 adbi-

125 895 285 938 bentur.
320 895 404 938 lmo
439 907 519 938 una
553 899 592 938 et
625 895 770 938 eadem
796 899 1239 940 excommunicationis
1261 900 1462 940 sententia
1492 898 1749 956 relinquitur,

122 979 228 1024 quae
262 966 311 1010 ad
348 980 466 1010 usum
501 979 667 1023 quoque
701 969 971 1010 criminosum
1007 969 1257 1011 extenditur.

240 1037 305 1080 Sic
340 1037 532 1080 redactus
567 1042 625 1079 est
661 1051 751 1079 ean.
785 1040 924 1081 2360.
952 1041 1054 1092 -ξ
1087 1042 1120 1081 1.
1151 1040 1461 1095 ()=m=71es‚etiam
1497 1042 1533 1082 in
1569 1041 1750 1097 qualibet

122 1107 321 1163 (lignitate
369 1109 593 1155 constituti,
645 1113 712 1150 aut
765 1108 971 1165 Episcopi,
1011 1112 1196 1165 exceptis
1229 1110 1264 1152 S.
1301 1110 1347 1153 R.
1382 1110 1426 1153 E.
1462 1110 1750 1155 (jai-dinatibus

123 1177 229 1234 (can.
265 1177 392 1233 2227,
417 1180 441 1232 g
468 1177 527 1234 2),
561 1179 602 1235 a)
635 1177 929 1235 fabricatores,
954 1194 1001 1222 eo
1025 1181 1133 1237 quod
1159 1183 1373 1237 sequentia
1407 1181 1656 1225 documenta
1682 1184 1752 1224 tin-

121 1253 271 1305 gantur
304 1251 360 1292 uti
401 1261 511 1301 vcra,
547 1262 625 1291 non
664 1252 741 1292 iam
778 1251 885 1306 quod
934 1252 1164 1293 referantur
1201 1251 1310 1294 vetut
1344 1254 1575 1305 existentia,
1613 1252 1653 1308 b)
1692 1253 1752 1295 rel

120 1318 313 1377 falsarii,
345 1320 525 1363 diversis
559 1321 691 1363 modis
724 1321 773 1363 ad
809 1320 962 1377 Capitis
1007 1324 1316 1377 inscriptionem
1363 1323 1596 1376 declaratis,
1634 1338 1750 1367 vera-

124 1404 212 1434 rum
248 1390 288 1448 a)
322 1390 567 1433 litterarum
603 1394 639 1433 iu
675 1392 804 1435 t'orma
839 1392 992 1439 Rullae,
1017 1392 1172 1446 Brevis,
1206 1392 1463 1448 EncyclicaQ
1498 1393 1704 1450 Epistolae
1727 1409 1750 1439 a

122 1462 292 1504 Summo
326 1461 522 1504 Pontitice
556 1461 820 1518 subsignatae
846 1476 919 1518 per
941 1464 1230 1514 Secretariam,
1266 1462 1307 1519 b)
1341 1463 1614 1509 decretorem.
1645 1478 1750 1522 quae

121 1537 266 1588 sponte
298 1531 429 1575 solent
462 1532 550 1575 dari
588 1532 648 1575 bel
666 1532 705 1589 c)
740 1533 1057 1590 rescriptorum,
1081 1546 1187 1591 quae
1213 1533 1404 1590 precibus
1426 1534 1749 1593 subsequuntur,

123 1601 242 1645 Sedis
274 1602 543 1660 Apostolieae
574 1603 623 1646 ad
660 1616 846 1647 normam
882 1617 972 1648 can.
1007 1605 1045 1659 7,
1081 1617 1127 1647 ac
1173 1605 1346 1661 proinde
1391 1619 1468 1647 non
1502 1605 1635 1649 solum
1669 1610 1749 1650 sin-

122 1673 216 1729 gula
251 1673 499 1717 documenta
537 1688 609 1730 per
641 1674 678 1717 S.
706 1674 749 1717 R.
776 1674 819 1717 E.
844 1673 1145 1718 Cancellarium
1181 1675 1243 1718 vel
1279 1678 1367 1719 eius
1404 1678 1748 1733 vices-gerentem

125 1744 187 1788 vel
222 1757 294 1801 per
327 1744 448 1787 Card.
482 1746 760 1788 Secretarium
796 1746 946 1798 Status,
980 1746 1049 1789 sed
1086 1749 1208 1789 etiam
1237 1760 1308 1802 per
1331 1745 1612 1791 Moderatores
1645 1749 1753 1792 dica-

121 1817 341 1858 steriorum
377 1816 625 1872 subscripta,
659 1816 887 1859 dummodo
936 1819 1101 1860 veniant
1146 1819 1311 1873 proprie
1343 1817 1419 1861 sub
1455 1818 1533 1861 illis
1566 1819 1750 1862 denomi-

123 1884 371 1929 nationibus.
404 1884 578 1929 Notetur
614 1900 712 1929 vero
745 1887 854 1945 quod
889 1901 1039 1931 nomen
1079 1904 1098 1929 «
1125 1888 1400 1931 litterarum»
1439 1892 1604 1945 proprie
1628 1895 1751 1947 atque

123 1970 173 1999 ex
207 1958 295 2000 iure
330 1957 592 2013 praecedenti
627 1958 677 2001 ad
710 1957 885 2002 Litteras
922 1958 1181 2015 Apostolicas
1214 1963 1274 2002 est
1307 1962 1555 2013 restrictum,
1581 1959 1675 2004 hinc
1699 1961 1749 2004 ad

125 2040 311 2071 normam
344 2040 433 2072 can.
471 2028 537 2083 19,
572 2042 666 2072 cum
704 2029 742 2072 bi
778 2042 959 2073 canones
993 2032 1062 2087 qui
1101 2042 1319 2086 «poenam
1353 2035 1551 2085 statuunt,
1584 2034 1750 2075 strictae

122 2098 282 2142 subsint
316 2100 713 2156 interpretationi»,
762 2100 926 2144 excludi
962 2101 1114 2144 debent
1146 2113 1167 2143 a
1201 2103 1371 2144 canonis
1405 2104 1658 2159 praescripto
1694 2102 1752 2146 ln-

122 2170 385 2219 structiones,
419 2168 617 2225 epistolae
651 2170 689 2212 S.
723 2169 1066 2227 Congregationis
1098 2170 1148 2214 ad
1182 2170 1381 2226 singulos,
1405 2172 1636 2215 decisiones
1658 2186 1751 2215 con-

123 2241 437 2294 troversiarum,
471 2243 699 2284 sententiae
733 2241 961 2296 iudiciales,
997 2246 1074 2285 etc.

241 2309 320 2353 Alii
369 2315 464 2354 sunt
513 2310 803 2368 delinquentes
846 2325 956 2356 nunc
993 2315 1183 2356 severius
1217 2314 1360 2369 puniti,
1394 2326 1498 2370 quos
1531 2315 1584 2356 ita
1618 2326 1747 2357 canon

122 2381 342 2425 describit:
377 2380 417 2438 c)
453 2380 516 2424 vel
562 2381 708 2424 iisdem
756 2382 844 2426 salsi
897 2386 995 2427 vitio
1044 2383 1255 2427 declarato
1304 2384 1467 2427 infectis
1504 2383 1545 2440 a)
1579 2383 1748 2441 litteris,

124 2452 169 2510 b),
190 2451 370 2496 decretis
392 2451 455 2495 vel
476 2452 517 2509 c)
540 2453 775 2510 reseri'ptis‘,
799 2460 918 2510 prout
944 2454 1045 2498 haec
1069 2454 1278 2498 declarata
1303 2455 1481 2510 fuerunt,
1521 2471 1542 2495 «
1565 2468 1706 2499 omnes
1725 2472 1745 2497 »

124 2527 166 2566 ut
199 2525 237 2566 in
273 2524 402 2579 initio,
436 2522 619 2566 scienter
641 2524 750 2580 quod
777 2527 877 2568 tales
910 2528 1003 2577 sint,
1031 2530 1191 2568 utentes
1213 2525 1263 2568 ad
1289 2538 1432 2568 eorum
1457 2539 1642 2582 scopum.
1668 2527 1749 2582 Ap-

124 2593 383 2651 pliceturque
416 2593 512 2638 buic
547 2598 703 2637 tantum
742 2598 846 2651 parti
881 2598 1182 2652 praescriptum
1217 2595 1244 2652 ξ
1279 2596 1302 2638 2
1336 2602 1443 2640 can.s
1476 2596 1604 2642 2229.

243 2664 444 2708 Praedicti
479 2665 630 2721 singuli
664 2665 741 2709 sub
775 2666 920 2710 litteris
953 2672 995 2720 a)
1029 2666 1069 2720 b)
1101 2666 1140 2723 c)
1176 2666 1399 2709 incurrunt
1436 2667 1526 2725 ipso
1558 2667 1672 2725 facto
1706 2668 1749 2710 in

122 2734 595 2778 excommunicationem
642 2735 819 2793 speciali
865 2736 985 2780 modo
1033 2736 1133 2780 Sedi
1178 2736 1445 2794 Apostolicae
1491 2743 1749 2780 reservatam

125 2804 232 2862 (can.
269 2805 395 2860 2253,
432 2806 504 2859 3⁰).

243 2876 629 2933 Interpretationem
665 2876 779 2922 verbi
809 2875 1056 2923 «Omnes»
1094 2879 1312 2923 confirmat
1343 2882 1369 2933 ἓ
1400 2881 1442 2922 2.
1479 2878 1635 2922 Clerici
1665 2878 1748 2929 (ca-
