1981 3182
229 0 292 15 ''³⁴¹⁷‘'
316 0 343 8 rw
367 0 428 6 -..>⁷

3 0 38 105 E„

0 2239 13 2310 ’.Ὗ-
0 1158 11 2242 ‚vm——a—-ffl
0 1110 1 1116 5
0 1101 1 1106 Α

9 2317 13 2383 l

129 133 222 170 Gan.
248 134 452 170 2302-2303
564 135 648 168 Ts'r.
677 134 748 168 IX.
778 155 790 160 -
817 135 874 169 De
893 137 1030 178 poenis
1059 136 1305 171 vindicata-is
1686 133 1754 167 185

256 252 347 294 136.
384 254 458 298 De
492 267 654 310 poena
686 254 1025 309 depositionis,
1058 265 1164 309 quae
1188 258 1326 309 utpote
1364 267 1382 293 x
1390 253 1481 296 ilde
1515 255 1656 308 graxis
1682 264 1753 307 per

130 325 305 366 sentent}
311 334 375 365 am
409 323 543 365 solum
579 323 961 366 condemnatoriam
989 323 1202 379 infligitur,
1227 328 1371 366 tractat
1407 338 1497 365 can.
1525 325 1584 366 33
1578 324 1663 366 ³03.
1686 322 1753 379 §1

129 395 297 449 exponit
330 394 516 436 eiusdem
551 393 821 449 multiplicem
868 395 951 435 sim
996 393 1483 451 iuiidicam.Deposzl10
1517 394 1567 436 ab
1610 394 1754 436 ordine

128 463 326 517 clericali,
360 464 493 519 firmis
526 463 567 520 a)
602 463 931 520 obliqalionibas
964 477 985 505 e
1027 470 1215 521 susceplo
1249 464 1397 507 ordene
1439 465 1613 508 esorlis.
1648 478 1754 522 quae

131 536 168 576 in
203 533 279 576 Tit.
316 534 379 579 ΙΙΙ,
415 534 500 578 Lib.
547 534 577 577 ll
616 535 720 578 latae
759 539 868 586 sunt,
913 536 1154 590 praesertim
1195 527 1464 578 «servandae
1507 538 1706 578 castitatis
1728 552 1749 576 1)

132 603 240 661 (can.
266 604 364 661 132)
384 610 421 648 et
446 621 468 646 «
486 605 670 662 quotidie
689 604 811 648 boras
829 607 1049 648 canonicas
1069 607 1226 661 integre
1247 606 1443 648 recitandi
1464 622 1485 645 »
1509 606 1616 662 (can.
1642 606 1753 663 135),

132 687 227 718 nam
263 688 334 731 pro
372 675 578 718 «clericis
611 677 649 717 in
686 674 911 718 maioribus
944 675 1159 718 ordinibus
1187 678 1463 718 constitutis»
1491 681 1550 718 est
1576 679 1754 731 practica

132 745 255 788 liuius
290 758 444 801 poenae
478 746 662 794 inflictio,
696 746 923 788 secundum
947 745 1069 788 illud:
1092 746 1104 767 ¹
1144 762 1165 786 <‹
1187 745 1226 788 Si
1262 749 1352 801 quis
1386 745 1625 802 Episcopus,
1671 760 1757 803 pre-

132 815 287 872 sbyter,
331 817 393 859 vel
432 817 631 859 diaconus
663 817 874 872 depositus
908 818 1010 859 iuste
1045 830 1117 873 pro
1150 818 1273 860 certis
1306 816 1548 860 criminibus
1572 832 1626 862 »ι
1662 818 1758 860 Pon-

75 899 80 904 ·
132 886 283 930 titicale
316 892 453 930 autem
489 887 718 930 Romanum
753 891 901 930 tractat
933 887 982 942 (le
1024 888 1143 929 modo
1186 901 1267 944 quo
1310 892 1457 943 agatur
1504 891 1586 930 «111
1631 889 1756 944 depo-

131 958 279 1000 sitione
321 957 570 1001 Subdiaconi
618 957 680 1000 vel
725 957 892 1000 Diaconi
937 958 988 1001 ab
1032 959 1175 1001 ordine
1204 974 1242 998 ›).
1290 958 1555 1015 Prosequitur
1596 972 1756 1002 canon:

132 1032 171 1069 et
209 1042 228 1067 «
249 1028 417 1070 tirmis»
454 1026 497 1084 b)
529 1027 770 1085 pririleqiis
802 1027 1068 1070 clericalibus
1105 1031 1246 1071 stricte
1278 1028 1411 1075 dictis,
1448 1042 1617 1084 nempe:
1652 1042 1758 1086 quae

135 1103 401 1141 recensentur
436 1112 506 1154 per
539 1111 628 1142 can.
667 1099 871 1151 tte-122,
915 1098 1151 1157 secumfert.
1197 1102 1253 1141 nti
1299 1104 1434 1155 partes
1477 1100 1756 1155 depositionis,

133 1171 325 1225 quamvis
360 1182 437 1212 non
475 1174 756 1212 memorentur
791 1172 827 1212 in
862 1173 1079 1221 sententia,
1112 1170 1180 1213 sed
1221 1172 1257 1211 1-1
1294 1170 1414 1214 liuius
1447 1172 1637 1214 canonis:
1675 1177 1759 1212 luni

134 1238 174 1296 a)
208 1240 520 1297 suspensionem
573 1239 622 1282 ab
670 1240 801 1297 officio
844 1240 1097 1284 declaratam
1150 1243 1186 1282 in
1232 1253 1388 1284 canone
1438 1241 1563 1296 2298,
1615 1242 1673 1294 9⁰,
1721 1247 1759 1283 et

136 1309 178 1367 b)
223 1309 535 1353 inhabilitatem
581 1310 635 1353 ad
680 1310 885 1368 quaelibet
930 1310 1124 1368 (verbum
1165 1311 1428 1355 distributive
1470 1312 1756 1368 accipiendum

137 1386 326 1436 respectu
351 1380 724 1438 subsequentium),
744 1381 892 1439 officia,
916 1384 1037 1425 etiam
1058 1395 1163 1439 quae
1187 1382 1316 1424 «talia
1350 1388 1442 1424 sunt
1478 1382 1556 1425 lato
1588 1396 1709 1425 sensu
1734 1398 1755 1423 »

138 1449 245 1507 (can.
274 1450 368 1505 145,
391 1451 419 1509 ἓ
444 1450 499 1508 1),
525 1450 754 1508 diqnitates
781 1455 959 1495 minores
992 1457 1028 1495 ct
1066 1455 1254 1507 maiores,
1279 1452 1473 1506 beneficia
1508 1467 1598 1496 can.
1636 1453 1759 1509 1409,

135 1521 355 1578 pensiones
378 1523 427 1566 ad
453 1536 541 1565 can.
571 1523 680 1565 1429
706 1523 950 1578 declaratas,
977 1537 1149 1566 3111116111
1173 1524 1214 1566 in
1240 1522 1429 1567 Ecclesia
1454 1538 1531 1581 qua
1567 1527 1761 1568 societate

137 1593 385 1644 exercenda,
406 1598 489 1635 111111
524 1594 648 1636 etiam
684 1608 755 1637 seu
790 1594 1060 1647 cumulative,
1095 1599 1133 1637 et
1166 1597 1399 1638 necessario
1431 1595 1760 1651 exprimendam,

137 1665 233 1720 quia
272 1666 624 1720 «supervenienti
651 1664 897 1708 inhabilitati
923 1666 1134 1708 additur»
1164 1665 1271 1723 (can.
1298 1666 1425 1718 ⁶2:296,
1459 1669 1482 1720 ἓ
1518 1666 1567 1719 Ξ),
1602 1666 1641 1722 c)
1672 1667 1760 1724 pri-

136 1734 346 1778 vationem
374 1734 547 1778 illoram
570 1738 808 1792 singulatim
834 1750 1126 1793 expressorum
1152 1736 1228 1780 sub
1253 1736 1384 1780 littera
1411 1736 1465 1794 b),
1482 1738 1551 1781 sed
1576 1740 1759 1780 omnium

136 1818 242 1863 quae
277 1818 372 1847 rens
405 1806 663 1862 depositione
698 1809 867 1863 punitus
901 1806 1050 1849 habea!
1085 1810 1173 1850 iure
1216 1812 1285 1851 aut
1320 1809 1437 1861 facto,
1483 1807 1577 1850 lice!
1621 1822 1760 1851 eornm

143 1875 373 1920 «beneticii
408 1886 476 1920 331
513 1879 721 1933 pensionis
757 1877 880 1921 1111110
924 1878 972 1921 311
1011 1891 1196 1921 normam
1243 1891 1333 1923 can.
1368 1880 1450 1921 975>
1483 1878 1616 1936 suerit
1650 1878 1762 1921 ordi-

140 1953 278 2001 natas,
307 1947 370 1990 vel
407 1950 599 2003 provisus
634 1953 721 2004 post
758 1949 961 1992 indultum
997 1949 1372 1992 saecularizationis
1407 1952 1443 1992 in
1480 1949 1587 1992 illius
1614 1950 1763 1993 locum.

140 2015 255 2070 Quae
292 2016 432 2060 ultima
470 2020 714 2074 praescripti
749 2018 931 2062 clausula
959 2020 1030 2062 luit
1064 2019 1178 2062 salia
1214 2021 1251 2061 in
1286 2031 1376 2062 can.
1413 2019 1539 2073 2299,
1571 2019 1599 2077 ξ
1633 2020 1669 2062 3.

257 2087 284 2142 ξ’
317 2089 359 2130 2.
393 2086 479 2130 Sed
513 2087 588 2131 lioc
620 2088 768 2132 altimo
803 2090 842 2131 in
878 2104 978 2131 casa
1012 2091 1245 2145 excidente,
1278 2090 1316 2132 si
1358 2089 1534 2132 clericas
1576 2104 1670 2133 ieie
1702 2091 1764 2133 in.-

141 2156 298 2215 1119831,
333 2171 381 2201 eo
415 2159 523 2216 quod
560 2158 727 2203 aliunde
752 2160 827 2203 sibi
857 2163 1069 2217 proxisum
1095 2174 1172 2203 non
1207 2163 1272 2214 sit,
1296 2173 1371 2203 nec
1396 2161 1604 2216 proxideri
1629 2167 1766 2218 queat,

147 2226 420 2283 Ordinarias,
453 2231 518 2272 cui
552 2229 743 2273 subditur
778 2230 843 2274 ille
876 2231 1088 2287 depositus
1120 2230 1308 2281 clericus,
1340 2245 1418 2288 pro
1451 2245 1527 2273 saa
1570 2232 1765 2287 caritate,

143 2298 247 2342 idest
281 2301 393 2343 131113
431 2301 595 2343 virtutis
618 2299 740 2344 huius
765 2302 930 2357 regulas
953 2306 989 2344 et
1015 2301 1324 2358 obligationem,
1348 2315 1426 2359 qao
1454 2301 1623 2345 meliore
1649 2302 1766 2346 niodo

141 2370 370 2413 secundum
406 2371 743 2414 circumstantias
776 2372 870 2428 fieri
899 2377 1050 2430 polest,
1085 2371 1124 2414 ei
1152 2371 1375 2429 procidere
1407 2378 1536 2427 curel,
1575 2373 1682 2416 unde
1716 2373 1766 2416 ad

143 2438 219 2483 hoc
255 2445 387 2496 posset
425 2443 479 2484 uti
517 2440 818 2495 exhortatione,
864 2445 1029 2485 monitis
1067 2455 1165 2498 erga
1196 2442 1309 2497 alios,
1346 2456 1396 2485 ne
1437 2457 1525 2485 cam
1569 2443 1769 2487 dedecore

142 2515 279 2553 status
313 2510 525 2554 clericalis
560 2512 802 2555 mendicare
835 2518 1025 2571 coyatur,
1044 2513 1092 2556 ad
1128 2513 1236 2570 quod
1274 2514 1487 2557 vitandum
1515 2513 1580 2557 ille
1613 2517 1769 2558 tutulus

143 2580 415 2624 ordinationis
447 2582 524 2625 fuit
556 2584 778 2627 institutus.

262 2651 403 2708 igitur,
439 2655 534 2710 quia
572 2653 692 2697 valde
726 2656 867 2710 gravis
900 2660 958 2698 est
994 2654 1231 2698 huiusmodi
1270 2668 1413 2711 poena,
1448 2655 1635 2698 decernit
1666 2655 1692 2712 ξ
1723 2656 1766 2697 3.

149 2719 285 2764 Poena
307 2720 584 2779 depositionis
620 2723 761 2780 infligi
797 2724 932 2768 valide
966 2724 1125 2782 nequit,
1156 2724 1241 2767 nisi
1282 2724 1327 2767 in
1359 2724 1522 2768 casibus
1564 2724 1657 2767 iare
1699 2722 1769 2767 Co-

264 2828 274 2848 ¹
304 2826 397 2861 Can.
430 2829 444 2860 l
480 2843 493 2856 α
513 2827 559 2861 de
586 2828 731 2862 clerico
758 2830 1114 2870 excommunicato,
1143 2829 1320 2874 deposito
1338 2830 1401 2865 vel
1428 2830 1638 2865 interdicto
1656 2830 1769 2863 mini-

147 2877 299 2908 strante
320 2890 333 2904 ι
367 2874 427 2917 (V,
455 2875 513 2917 27)
543 2875 593 2909 X.
