1981 3182
218 143 263 177 66
684 143 769 176 Lm.
797 143 844 176 V.
874 163 885 168 -

1020 0 1061 21 --sf
1069 0 1171 24 ›ff-'71
1178 0 1188 14 ν.

914 143 1024 178 PARS
1051 143 1101 178 ΙΙ.

1242 8 1277 29 ’νὶ
1287 0 1410 30 ‘hg-*²⁸⁸5
1458 20 1465 26 -
1478 13 1495 27 .³
1511 17 1522 30 :-

1131 164 1143 168 -
1170 143 1227 178 D'e
1245 146 1385 188 poenis

217 274 294 307 gem
323 262 374 297 vel
411 272 555 308 poenam
585 266 735 301 tantum,
769 262 853 297 baec
878 263 996 297 statim

218 314 341 349 cessat,
363 309 429 343 nisi
450 313 573 354 agatur
591 310 632 344 (16
650 309 808 344 censuris
827 309 895 344 iam
915 320 996 344 con-

217 357 346 391 tractis.

265 408 284 446 5
311 402 342 437 4.
372 403 483 438 Poena
522 413 619 437 reum
655 403 785 448 ubique
823 408 994 438 terrarum

218 455 324 491 tenet,
353 451 457 485 etiam
497 451 646 485 resoluto
677 451 750 485 iure
784 449 994 496 Superioris,

217 498 284 532 nisi
312 497 408 532 aliud
436 508 597 542 expresse
627 502 803 532 caveatur.

264 545 349 580 CAN.
380 543 483 579 2227.
513 565 528 569 -
557 549 576 587 ξ
607 544 636 578 l.
668 544 780 579 Poena
807 545 947 579 nonnisi
976 556 996 580 a

219 591 373 627 Romano
400 591 565 627 Pontifice
597 591 707 636 infligi
738 596 797 626 aut
827 591 994 627 declarari

220 644 328 685 potest
355 640 390 673 in
418 649 475 674 eos
500 639 542 674 de
568 640 696 684 quibus
724 639 758 673 in
778 649 857 673 can⁴
892 637 991 680 1557,

265 738 284 776 ξ
303 733 334 768 2.
354 733 424 768 Nisi
445 744 604 778 expresse
624 733 865 773 nominentur,
894 732 930 768 S.
953 732 992 768 R.

219 780 252 815 E.
293 779 496 815 Cardinales
534 780 599 815 sub
637 780 709 825 lege
750 781 884 826 poenali
925 791 995 815 non

216 827 575 873 comprehenduntur,
620 838 683 862 nec
731 827 886 873 Episcopi
931 827 995 863 sub

219 875 339 921 poenis
366 875 454 910 latae
481 874 675 910 sententiae
701 875 942 920 suspensionis
964 879 997 910 et

218 922 406 958 interdicti.

265 969 349 1005 (3777.
379 969 483 1004 2228.
516 968 630 1004 Ρο6773
665 969 738 1014 lege
764 973 894 1004 statuta
925 980 995 1004 non

218 1016 421 1057 incurritur,
452 1017 517 1050 nisi
546 1015 709 1051 delictum
744 1016 844 1051 fuerit
872 1016 907 1050 in
936 1027 997 1051 suo

216 1075 341 1109 genere
369 1064 557 1109 perfectum
585 1064 779 1098 secundum
813 1063 997 1109 proprieta-

217 1118 284 1147 tem
315 1111 497 1146 verborum
526 1111 621 1154 legis

264 1157 347 1193 Cin.
367 1157 469 1192 2229.
496 1179 512 1183 -
534 1161 552 1199 ξ
576 1157 605 1191 1.
624 1158 648 1192 Α
673 1157 778 1192 77771175
806 1157 896 1192 latae
922 1169 999 1192 sen-

216 1206 346 1241 tentiae
375 1206 493 1251 poenis
520 1205 719 1249 ignorantia
737 1205 901 1240 affectata
926 1205 997 1240 5776

218 1253 302 1298 legis
328 1253 399 1288 5776
437 1252 544 1287 5017775
572 1263 702 1298 poenae
739 1257 891 1294 excusat,
919 1252 997 1288 17667

217 1300 266 1335 lex
309 1300 411 1335 verba
449 1301 491 1335 de
529 1299 656 1345 quibus
696 1300 730 1334 in
767 1303 785 1341 ἓ
824 1300 843 1333 2
887 1301 997 1334 607717-

216 1352 309 1383 neat.

264 1395 329 1436 §2
333 1393 402 1429 .Si
432 1393 483 1429 lex
511 1393 636 1429 habeat
671 1394 797 1428 v:erba
820 1405 996 1441 7777763377(-

213 1441 330 1487 pserit
359 1452 463 1476 ausus
501 1441 616 1487 suerit,
644 1440 795 1482 scienter,
834 1441 994 1483 5777777036,

217 1489 400 1530 temerarie,
427 1488 575 1523 consulto
602 1488 702 1534 eqeiil
729 1489 841 1523 317376
867 1489 1014 1528 577777173,

216 1547 305 1588 (77736
332 1536 472 1588 plenam
499 1536 734 1580 cognitionem
761 1547 800 1571 ac
827 1536 996 1571 delibera-

217 1585 346 1619 tionem
382 1584 538 1635 exigunt,
567 1583 741 1628 quaelibet
781 1583 996 1630 imputabili—

216 1632 297 1666 tatis
324 1630 526 1665 imminutio
565 1631 636 1665 5776
662 1641 700 1665 ex
736 1636 832 1676 parte
864 1631 995 1666 intelle-

216 1684 291 1713 ctus
317 1678 389 1713 sive
415 1689 454 1713 ex
483 1683 578 1723 parte
614 1677 802 1713 7010013775
830 1679 950 1714 eximit
976 1690 996 1713 a

219 1725 337 1771 poenis
366 1725 454 1760 latae
481 1726 689 1760 sententiae.

264 1777 283 1815 ξ
311 1772 342 1807 3
373 1772 407 1807 Si
437 1772 488 1807 lex
516 1772 621 1807 verba
659 1772 717 1807 illa
746 1783 815 1807 non
848 1773 995 1812 habeat:

292 1819 342 1854 l.O
361 1819 562 1864 ignorantia
590 1819 673 1864 legis
688 1824 747 1854 aut
765 1819 869 1854 etiam
889 1820 996 1855 solius

221 1878 362 1913 poenae.
392 1868 418 1901 si
449 1868 549 1901 fuerit
577 1878 693 1902 crassa
728 1866 778 1901 761
806 1867 947 1913 supina,
977 1878 995 1902 a

217 1915 314 1950 nulla
354 1926 462 1960 poena
491 1914 579 1949 latae
616 1914 811 1949 sententiae
848 1915 992 1951 eximit:

217 1963 242 1996 si
273 1973 341 1997 non
364 1962 463 1996 suerit
483 1972 597 1996 crassa
618 1962 668 1996 761
695 1962 835 2006 supina„
856 1967 996 1997 excusat

215 2020 234 2044 a
262 2009 543 2048 medicinalibus,
574 2020 643 2043 non
671 2013 786 2043 autem
807 2020 827 2043 a
846 2009 997 2044 777771763-

216 2057 297 2091 777·75
324 2056 412 2092 latae
438 2056 633 2091 sententiae
662 2057 803 2102 poenis3

289 2104 336 2138 2.Ο
354 2103 517 2143 Ebrietas,
534 2103 675 2138 omissio
690 2103 826 2139 debitae
852 2104 997 2148 diligen-

216 2151 295 2193 tiae,
327 2151 456 2186 mentis
482 2150 657 2193 debilitas,
686 2151 836 2195 impetus
864 2151 994 2196 passio-

218 2199 281 2239 nis,
302 2198 343 2233 si.
366 2210 434 2232 nou
455 2198 614 2233 obstante
634 2198 916 2244 irnputabilitatis
942 2199 995 2233 de-

218 2245 424 2285 minutione,
451 2245 541 2279 36770
560 2246 603 2279 sit
622 2246 736 2280 adbuc
755 2246 906 2290 graviter
925 2246 995 2281 cul-

219 2292 356 2338 pabilis,
385 2304 403 2327 a
432 2293 552 2338 poenis
591 2293 677 2327 latae
704 2293 897 2328 sententiae
925 2304 993 2328 non

217 2344 409 2383 excusant3

289 2386 341 2420 3.0
366 2386 476 2421 Metus
494 2386 622 2430 gravis.
643 2386 669 2420 si
691 2387 855 2421 delictum
880 2392 995 2432 vergat

218 2434 253 2468 777
280 2439 520 2479 contemptum
551 2434 626 2468 777167
654 2439 712 2468 3771
740 2435 995 2470 66616513517636

216 2481 432 2516 auctoritatis
460 2481 510 2515 761
532 2480 565 2514 in
589 2481 766 2526 publicum
794 2482 995 2517 animarum

217 2529 400 2568 damnum,
419 2539 438 2562 a
459 2529 577 2573 poenis
598 2528 685 2563 latae
704 2529 899 2564 sententiae
918 2529 995 2564 nul-

219 2576 355 2610 latenus
381 2576 512 2610 eximit.

265 2626 284 2664 ξ
311 2622 343 2656 4.
374 2621 465 2657 Licet
502 2633 579 2656 rcus
612 2623 768 2657 censuris
796 2623 884 2658 latae
922 2634 997 2658 sen-

218 2670 346 2704 tentiae
372 2671 413 2703 ad
444 2680 600 2703 normam
629 2673 647 2715 ᾗ
674 2670 707 2706 3,
738 2681 772 2704 77.
808 2672 816 2704 1
852 2681 918 2704 uon
948 2675 995 2705 te-

220 2721 354 2757 neatur,
386 2717 416 2750 id
446 2722 562 2751 tamen
592 2728 660 2751 non
694 2718 838 2762 impedit
865 2717 997 2763 quomi-

220 2775 298 2806 nus,
327 2764 353 2798 si
383 2775 435 2797 res
463 2764 560 2801 ferat,
600 2775 753 2807 congrua
790 2765 859 2800 3173
886 2776 996 2810 poena

220 2811 269 2845 761
299 2810 509 2856 poenitentia
536 2810 622 2845 allici
652 2816 767 2856 queat.

1119 261 1203 297 CAN.
1233 260 1337 296 2230.
1369 282 1386 287 -
1417 261 1615 315 impuberes
1640 269 1851 299 excusantur

1070 320 1091 344 a
1111 308 1234 355 poenis
1260 309 1350 344 latae
1376 310 1583 347 sententiae
1605 314 1637 345 et
1657 310 1770 356 potius
1788 322 1848 357 pu-

1071 356 1269 391 nitionibus
1306 356 1509 396 67706317775,
1547 368 1652 402 quam
1691 358 1850 392 censuris

1069 404 1191 438 aliisve
1217 403 1336 448 poenis
1373 403 1592 447 gravioribus
1627 404 1849 439 7707776377νί5

1070 451 1313 495 corrigantur3
1342 450 1486 496 puberes
1520 462 1600 486 vero
1631 452 1689 496 qui
1723 462 1780 487 eos
1805 453 1848 487 ad

1070 498 1181 551 legem
1221 497 1420 532 violandam
1461 497 1664 533 induxerint
1692 499 1742 534 761
1769 510 1848 534 cum

1070 546 1119 580 eis
1134 545 1169 579 in
1188 545 1354 580 delictum
1370 545 1610 580 concurrerint
1627 546 1669 580 ad
1689 557 1849 581 normam

1069 604 1148 627 can.
1178 591 1282 633 22119,
1297 596 1337 634 ἐξ
1357 591 1425 634 1-3,
1444 592 1510 638 ipsi
1530 592 1671 638 quidem
1702 603 1847 639 poenam

1070 640 1143 684 lege
1169 644 1335 674 statutam
1364 639 1563 674 incurrunt.

1117 687 1203 722 Cn.
1232 686 1339 721 2231.
1371 707 1387 712 -
1417 685 1451 721 Si
1474 686 1589 732 plures
1614 687 1655 721 ad
1684 687 1849 722 delictum

1072 734 1342 780 perpetrandum
1371 734 1624 773 concurrerint
1654 734 1733 770 licet
1760 745 1851 769 unus

1070 786 1207 816 tantum
1248 792 1281 815 777
1316 781 1388 826 lege
1423 781 1636 821 nominetur,
1663 781 1684 816 77
1713 792 1850 828 quoque

1070 828 1111 863 de
1137 828 1265 881 quibus
1293 828 1327 862 in
1350 839 1429 863 can.
1446 827 1552 869 22119,
1570 832 1610 870 ἓξ
1634 828 1663 862 l·
1670 828 1704 870 3,
1733 834 1851 864 tenen·

1070 880 1138 910 tur
1170 875 1234 909 77757
1256 876 1307 910 lex
1323 875 1418 910 aliud
1446 886 1606 922 expresse
1632 876 1773 916 caverit,
1799 887 1851 911 63-

1070 923 1149 958 dem
1179 933 1311 968 poena3
1340 923 1441 958 ceteri
1462 933 1541 958 vero
1568 934 1637 957 non
1667 923 1762 964 item,
1791 923 1849 958 sed

1070 969 1139 1005 alia
1167 970 1257 1005 iusta
1286 981 1395 1015 poena
1423 981 1482 1016 pro
1510 970 1670 1016 prudenti
1693 970 1852 1016 Superio-

1071 1017 1119 1051 ris
1144 1017 1287 1052 arbitrio
1315 1017 1483 1063 puniendi
1503 1022 1595 1057 sunt,
1622 1018 1690 1052 nisi
1719 1018 1770 1053 lex
1799 1029 1851 1064 pe—

1071 1064 1237 1100 culiarem
1280 1076 1427 1110 poenam
1464 1065 1498 1099 in
1527 1066 1619 1110 ipsos
1650 1066 1850 1100 constituat.

1119 1111 1204 1146 CAN.
1234 1102 1338 1146 2232.
1371 1133 1386 1136 -
1416 1116 1434 1153 ξ
1467 1113 1494 1146 1.
1518 1111 1631 1147 Poena
1657 1112 1747 1148 latae
1772 1123 1850 1147 sen-

1072 1159 1214 1199 tentiae,
1244 1159 1316 1194 5776
1349 1159 1570 1194 medicinalis
1596 1159 1668 1194 5776
1696 1160 1850 1195 vindica-

1070 1206 1154 1246 tiva‚
1184 1206 1453 1252 delinquentem,
1481 1206 1539 1252 qui
1571 1206 1686 1241 delicti
1714 1207 1779 1242 sibi
1807 1207 1852 1241 sit

1071 1254 1244 1293 conscius,
1276 1254 1349 1299 ipso
1377 1254 1466 1288 facto
1486 1254 1519 1288 in
1540 1258 1686 1299 utroque
1707 1255 1777 1289 foro
1802 1258 1851 1290 te-

1072 1305 1155 1343 net;
1186 1306 1268 1336 ante
1305 1301 1515 1336 sententiam
1548 1306 1665 1336 tamen
1696 1301 1849 1337 declara—

1073 1348 1194 1383 toriam
1222 1360 1241 1383 a
1263 1358 1372 1393 poena
1398 1348 1615 1383 observanda
1640 1349 1852 1401 delinquens

1071 1399 1254 1430 excusatur
1281 1395 1421 1448 quoties·
1441 1406 1516 1430 eam
1538 1406 1674 1431 serxare
1700 1396 1776 1431 sine
1802 1396 1851 1430 in-

1073 1443 1179 1477 famia
1208 1442 1339 1488 nequit,
1366 1444 1449 1477 etin
1479 1443 1550 1477 foro
1575 1447 1718 1478 externo
1743 1443 1787 1478 ab
1813 1454 1852 1478 eo

1070 1490 1226 1525 eiusdem
1267 1500 1398 1535 poenae
1427 1490 1685 1525 observantiam
1717 1490 1851 1534 exigere

1072 1548 1174 1572 nemo
1195 1541 1316 1582 potest,
1338 1537 1404 1571 nisi
1421 1537 1586 1572 delictum
1606 1538 1651 1571 sit
1666 1538 1850 1579 notorium,

1072 1584 1172 1619 firmo
1201 1585 1411 1630 praescripto
1438 1596 1515 1620 can.
1544 1584 1649 1622 2223,
1679 1589 1698 1627 5
1724 1583 1756 1619 4.

1119 1636 1137 1674 ξ
1164 1631 1196 1666 ’2.
1227 1630 1409 1667 Sententia
1446 1632 1673 1667 declaratoria
1705 1642 1851 1676 poenam

1070 1679 1113 1714 ad
1142 1684 1359 1714 momentum
1398 1679 1573 1714 commissi
1602 1679 1717 1715 delicti
1745 1684 1849 1714 retro-

1070 1726 1189 1761 trabit.

1119 1773 1202 1809 Cis.
1231 1772 1333 1807 3223.
1366 1794 1381 1798 -
1410 1774 1429 1819 g
1482 1772 1621 1808 .Nulla
1661 1784 1771 1819 poena
1802 1773 1850 1806 in-

1072 1821 1141 1865 fligi
1171 1825 1294 1872 potest,
1324 1820 1389 1854 nisi
1411 1826 1502 1856 certo
1524 1825 1657 1855 constet
1683 1820 1850 1856 delictum

1070 1879 1298 1903 commissum
1328 1868 1435 1903 fuisse
1453 1873 1485 1903 et
1504 1878 1572 1902 non
1599 1879 1673 1903 esse
1694 1867 1848 1912 legitime

1071 1915 1335 1961 praescriptum

1118 1966 1136 2004 ἕ
1163 1962 1194 1996 2.
1224 1962 1314 1997 Licet
1341 1962 1373 1996 id
1406 1962 1559 2007 legitime
1590 1966 1733 1999 constet,
1764 1962 1791 1996 57
1818 1972 1849 1996 3-

1069 2014 1170 2054 gatur
1196 2009 1237 2044 de
1265 2009 1457 2054 infligenda
1496 2020 1654 2044 censura.
1694 2019 1773 2044 reus
1798 2019 1849 2044 re-

1071 2057 1307 2103 prehendatur
1332 2068 1371 2091 36
1400 2062 1584 2091 moneatur
1610 2061 1646 2091 ut
1677 2067 1696 2091 a
1728 2060 1848 2091 contu-

1070 2115 1179 2138 macia
1212 2104 1349 2139 recedat
1375 2104 1418 2138 ad
1453 2115 1610 2139 normam
1642 2114 1718 2139 can.
1747 2101 1850 2145 2242,

1071 2155 1087 2193 ξ
1115 2151 1148 2188 3
1177 2151 1269 2194 dato,
1299 2151 1325 2185 57
1356 2151 1515 2197 prudenti
1543 2151 1697 2186 eiusdem
1725 2150 1851 2185 iudicis

1071 2199 1121 2233 7361
1149 2179 1345 2243 Superioris
1382 2198 1526 2233 arbitrio
1565 2209 1665 2233 casus
1692 2198 1724 2232 id
1755 2199 1848 2238 terat,

1069 2257 1224 2290 congruo
1265 2246 1307 2280 ad
1351 2245 1628 2291 resipiscentiam
1671 2249 1847 2288 tempore;

1069 2293 1289 2328 contumacia
1318 2293 1534 2338 persistente,
1563 2303 1709 2327 censura
1735 2291 1848 2336 infligi

1071 2345 1191 2386 potest.

1118 2387 1201 2422 (3777.
1232 2385 1336 2421 2234.
1356 2385 1458 2430 -Qui
1494 2387 1592 2432 plura
1610 2385 1735 2421 delicta
1762 2396 1851 2421 com-

1071 2434 1179 2475 misit,
1207 2446 1277 2468 non
1315 2434 1415 2468 modo
1453 2435 1594 2478 gravius
1634 2433 1763 2479 puniri,
1791 2433 1848 2468 sed

1069 2481 1111 2522 si,
1142 2481 1302 2527 prudenti
1332 2481 1457 2516 iudicis
1482 2481 1639 2516 arbitrio.
1668 2491 1722 2515 res
1748 2480 1781 2515 id
1805 2480 1849 2515 se-

1070 2534 1135 2565 rat,
1164 2528 1287 2563 subiici
1316 2529 1420 2563 etiam
1448 2528 1549 2563 debet
1568 2528 1770 2572 vigilantiae
1797 2527 1848 2562 vel

1069 2576 1127 2610 alii
1156 2576 1309 2610 remedio
1337 2575 1485 2621 poenali.

1118 2622 1200 2657 Cis.
1240 2621 1343 2658 2235.
1377 2644 1393 2648 -
1437 2622 1607 2658 Delictum
1644 2622 1848 2656 frustratum

1069 2675 1127 2704 aut
1155 2675 1300 2705 conatus
1337 2669 1467 2712 delicti,
1493 2669 1560 2703 nisi
1601 2673 1770 2714 tanquam
1797 2668 1848 2702 di—

1070 2718 1198 2752 stincta
1224 2717 1349 2752 delicta
1374 2718 1445 2761 lege
1474 2717 1680 2762 plectantur
1705 2720 1849 2767 possunt

1069 2776 1222 2809 congrua
1263 2776 1371 2816 poena
1412 2775 1470 2809 pro
1507 2764 1676 2808 graxitate
1715 2773 1845 2843 puniri.

1070 2812 1164 2846 53170
1193 2812 1403 2857 777-7656777710
1428 2821 1506 2846 6377.
1539 2809 1640 2844 2213.
1671 2810 1736 2851 §3
