1981 3182
0 0 47 25 m«

56 0 112 13 ‘avx-

101 144 194 180 Can.
220 145 426 180 2401-2403
475 146 558 180 T1T.
584 146 732 180 XVIII.
761 167 773 172 -
800 147 857 182 De
881 149 954 182 clel.
978 151 1018 182 in
1044 150 1130 183 coll.
1153 150 1235 183 ben.
1256 150 1342 184 eccl.
1654 151 1724 184 3¹23

99 264 206 321 ficio,
239 263 448 321 beneficio,
479 264 701 322 diqnitate‚
737 269 774 308 in
809 279 928 309 sensu
971 269 1250 323 inscriptionis
1287 267 1424 319 Tituli,
1458 270 1500 325 3)
1547 283 1628 312 non
1662 268 1731 313 ob-

98 340 237 377 stante
271 334 459 392 leqitima
495 338 518 378 i.
554 349 588 379 e.
625 339 736 379 iuxta
771 351 824 380 ss.
859 349 1037 380 canones
1077 339 1243 382 decreta
1278 339 1519 396 privatione
1562 345 1730 397 propter

99 405 310 456 delictum,
348 406 407 448 cet
428 406 659 450 remotione
682 408 847 451 torsitan
874 408 1194 463 inculpabiliter,
1221 408 1261 466 b)
1283 409 1487 467 persistat
1512 423 1731 454 remanens

100 478 138 519 in
175 479 445 532 possessione,
480 483 553 520 atet
587 492 637 519 nc
668 492 715 520 ea
750 477 951 521 dimittat.
986 478 1063 521 hoe
1098 482 1206 522 enim
1253 481 1332 523 fine
1371 481 1514 523 saltem
1562 493 1728 537 praesu-

103 546 266 600 mendO,
300 546 340 602 c)
375 560 514 590 moras
549 547 768 603 illeqitime²
800 560 820 590 a
856 550 944 590 iure
978 561 1056 590 non
1094 551 1314 603 permissas
1349 549 1410 592 vet
1447 554 1587 593 contra
1619 550 1730 605 leges

102 621 253 671 nectat,
269 617 448 660 seilicet:
474 617 583 660 velut
603 618 759 660 addens
784 630 904 661 unam
926 618 1057 662 alteri:
1079 618 1277 661 alterutro
1298 622 1334 662 in
1355 632 1450 663 casu
1474 626 1590 675 prout
1611 626 1729 664 antea

101 687 389 734 determinato,
426 701 489 741 ea,
521 687 701 732 scilicet:
737 688 932 739 officinm,
969 688 1231 743 beneticium,
1266 690 1524 746 dignitatem,
1548 694 1588 747 3)
1610 705 1732 748 prac-

104 757 231 799 inissa
266 757 505 809 monitione,
541 758 582 814 b)
617 758 809 801 deserere
842 758 968 802 libera
1003 773 1073 802 seu
1113 763 1299 803 vacantia
1335 761 1383 803 de
1419 763 1522 804 sacto
1557 768 1732 819 coycttm·

102 827 141 884 c)
172 841 251 885 per
282 828 594 886 suspensionem
628 842 652 871 cc
686 828 841 871 (livinis
878 829 984 886 (can.
1024 830 1148 875 2279.
1184 833 1270 883 gn),
1294 832 1355 886 ⁰2⁰)
1378 830 1537 874 aliasve
1557 845 1729 890 poenas,

101 897 377 956 depositione,
411 899 450 941 si
486 913 552 941 res
594 898 722 957 ferat,
762 900 941 943 scilicet:
987 901 1218 944 secundum
1258 904 1605 955 circumstantias,
1650 917 1729 945 non

101 968 285 1011 exclusa.
320 971 419 1013 Sunt
455 983 610 1026 poenae
644 971 836 1013 terendae
869 974 1097 1015 sententiae
1130 972 1200 1015 sed
1236 972 1731 1030 indeterminataequoad

102 1041 344 1084 electionem
384 1043 489 1083 inter
522 1043 628 1096 ipsas
663 1041 771 1098 (cair
806 1043 934 1097 2217,
970 1045 994 1090 ξ
1032 1043 1064 1097 i,
1105 1043 1145 1085 10
1182 1043 1257 1100 2⁰).

221 1112 319 1154 247.
358 1112 544 1158 Contra
578 1113 860 1158 Praelatum
900 1115 1232 1170 negligentem
1272 1116 1492 1171 recipere
1534 1116 1732 1160 benedi-
1782 1134 1786 1136 ‘

103 1185 328 1229 ctionem.
365 1208 417 1213 —-
458 1182 556 1225 Can.
592 1186 730 1226 3403.
766 1182 898 1225 Akbas
934 1183 994 1225 ccl
1030 1183 1253 1226 Praelatzcs
1287 1184 1446 1227 nullius
1468 1185 1516 1227 ad
1544 1198 1729 1228 normam

102 1266 192 1297 can.
229 1253 327 1304 319,
363 1253 434 1311 qui
468 1259 613 1296 contra
645 1254 957 1311 praescriptwn
981 1269 1070 1297 can.
1090 1257 1197 1307 321),
1223 1258 1246 1308 ,ξ
1269 1257 1313 1308 ’3,
1335 1255 1515 1298 scilicet:
1544 1271 1562 1295 «
1588 1258 1657 1312 qui
1682 1270 1731 1299 ex

104 1326 358 1381 praescripto
392 1324 617 1381 apostolico
655 1324 715 1368 vel
752 1338 801 1367 ex
829 1327 1019 1381 propriae
1046 1325 1257 1381 religionis
1280 1326 1640 1369 constitutionibus
1667 1326 1734 1370 be-

105 1395 239 1439 nedici
275 1394 439 1450 debent,
466 1398 569 1438 intra
606 1401 686 1439 tres
721 1409 883 1438 menses
907 1412 925 1436 ›>
972 1396 1023 1439 ibi
1071 1396 1367 1439 determinatos
1410 1396 1735 1440 benedictionem

104 1465 264 1510 abbatis
299 1480 379 1510 non
411 1467 617 1524 receperit
655 1483 676 1507 «
700 1466 750 1510 ab
783 1466 1000 1535 Episcopo,
1024 1481 1146 1524 quem
1174 1467 1363 1511 maluerit
1388 1484 1436 1521 »ς
1471 1468 1538 1511 ille
1560 1474 1621 1510 est
1645 1468 1735 1526 ipso

103 1537 217 1594 sacto
254 1540 447 1580 transacti
484 1540 680 1594 temporis
713 1551 807 1581 cum
843 1538 952 1581 dicta
986 1537 1182 1594 culpabili
1219 1541 1452 1593 omissione,
1493 1554 1516 1581 a
1561 1539 1735 1582 iurisdi-

105 1607 240 1651 ctione
274 1621 501 1665 suspensus
535 1607 650 1665 (Can.
684 1609 814 1662 2279,
846 1608 874 1667 ξ
905 1613 946 1663 2,
982 1609 1061 1657 10).
1085 1609 1201 1664 Quae
1230 1613 1489 1664 «suspensio
1517 1614 1627 1653 vetat
1649 1624 1735 1653 om-

105 1691 196 1721 nem
231 1684 368 1722 actum
405 1682 616 1735 potestatis
649 1680 946 1723 iurisdictionis
969 1693 1041 1736 pro
1067 1685 1241 1736 utroque
1267 1682 1353 1723 soro
1377 1685 1459 1723 tam
1488 1680 1736 1735 ordinariae,

104 1760 228 1806 quam
265 1748 542 1806 delegatae».

225 1819 325 1864 248.
365 1822 549 1866 Contra
581 1823 914 1878 negligentem
947 1824 1169 1868 emittere
1202 1823 1319 1867 fidei
1362 1823 1738 1879 professionem.

107 1915 160 1921 ——
199 1889 300 1935 Can.
334 1892 472 1934 2403.
513 1890 596 1944 Qui
628 1897 775 1934 contra
804 1892 1118 1950 praescriptum
1152 1907 1241 1936 can.
1278 1894 1396 1935 1406
1429 1892 1470 1949 a)
1503 1892 1600 1949 fidei
1639 1907 1736 1951 pro·

105 1960 329 2019 sessionem
365 1961 406 2019 b)
439 1962 531 2005 sine
563 1963 687 2013 iusto,
722 1963 759 2006 ll.
795 1977 831 2007 e.
865 1964 974 2021 quod
1002 1963 1079 2020 legi
1104 1966 1153 2007 sit
1179 1966 1547 2020 proportionatum,
1567 1963 1738 2021 impedi-

110 2037 243 2075 mento
278 2032 469 2076 emittere
501 2033 541 2090 c)
576 2033 778 2092 neyliyat,
812 2035 921 2091 quod
957 2038 1151 2091 supponit
1187 2034 1419 2078 habendam
1458 2037 1737 2091 cognitionem

107 2102 384 2159 obligationis,
419 2108 542 2161 atque
577 2107 775 2161 temporis
810 2119 881 2161 pro
906 2119 951 2149 ea
976 2105 1242 2162 adimplenda
1266 2108 1564 2161 transitionem,
1589 2104 1629 2162 a)
1654 2120 1736 2149 nio-

109 2179 260 2216 nentur
292 2174 486 2232 equidem
521 2187 541 2218 a
575 2176 798 2232 Super-iore
831 2181 1091 2232 competente
1124 2177 1173 2220 ad
1209 2176 1529 2233 subsequentem
1564 2189 1736 2233 poenam

108 2244 391 2301 infligendam,
428 2244 470 2302 b)
501 2246 728 2304 praefinito
762 2261 922 2305 qnoque
959 2261 1140 2305 conqruo
1185 2247 1362 2305 termino
1400 2248 1449 2290 ad
1486 2247 1736 2304 implendam

108 2315 418 2373 obligationem,
454 2318 494 2373 e)
530 2331 608 2374 quo
644 2323 858 2361 transacto
892 2317 1048 2376 absque
1081 2319 1244 2372 effectu,
1279 2318 1534 2376 proindeque
1571 2318 1736 2375 (suppo-

107 2389 183 2431 sita
218 2387 459 2443 monitione)
492 2390 524 2430 si
561 2393 722 2432 maneat
758 2394 994 2444 contemnas,
1030 2389 1074 2445 d)
1100 2389 1225 2431 etiam
1246 2403 1325 2447 per
1343 2389 1637 2447 privationem,
1661 2391 1738 2432 sci-

109 2457 224 2502 licet:
263 2458 430 2515 procedi
474 2463 605 2515 potest
648 2461 685 2502 in
727 2462 941 2515 punitione
985 2473 1115 2518 usque
1158 2461 1207 2503 ad
1254 2460 1381 2513 illam,
1424 2462 1463 2515 3)
1506 2459 1651 2517 officii,
1696 2458 1737 2516 b)

109 2527 308 2585 beneficii,
343 2527 384 2585 c)
417 2527 656 2586 diqnitatis,
690 2529 734 2587 d)
774 2530 973 2583 muneris,
1007 2533 1333 2588 uniuscuiusque
1371 2531 1622 2574 disiunctive
1662 2544 1738 2587 pic·

110 2599 283 2650 niatic1·;
305 2625 357 2650 ÷
381 2600 452 2643 sed
489 2606 651 2657 praeter
681 2600 786 2645 hanc
819 2604 1074 2645 sanctionem
1109 2602 1303 2645 ferendae
1326 2604 1553 2645 sententiae
1578 2613 1741 2658 praece-

113 2672 236 2726 ptivis
271 2672 408 2714 verbis
440 2674 718 2725 enunciatam,
753 2673 920 2716 additur
952 2672 1078 2716 altera
1124 2672 1230 2716 latae
1273 2674 1521 2716 sententiae:
1568 2685 1640 2714 nec
1681 2672 1740 2714 in-

114 2740 235 2783 terim
268 2739 411 2784 saltem
446 2753 467 2784 a
504 2744 727 2785 monitione
760 2742 912 2797 habita,
945 2743 1016 2786 sed
1046 2745 1183 2786 verius
1205 2755 1227 2786 a
1252 2742 1527 2800 negligentiae
1552 2747 1740 2797 utsupra

114 2815 313 2868 tempore,
353 2810 553 2868 beneficii,
587 2812 735 2870 officii,
777 2813 1017 2871 diqnitotis,
1055 2813 1239 2856 muneris
1275 2813 1441 2872 fructus
1483 2812 1590 2871 facit
1621 2826 1741 2864 su0s;
