<?xml version="1.0" encoding="UTF-8"?>
<!DOCTYPE html PUBLIC "-//W3C//DTD XHTML 1.0 Transitional//EN"
    "http://www.w3.org/TR/xhtml1/DTD/xhtml1-transitional.dtd">
<html xmlns="http://www.w3.org/1999/xhtml" xml:lang="en" lang="en">
 <head>
  <title>
</title>
<meta http-equiv="Content-Type" content="text/html;charset=utf-8" />
  <meta name='ocr-system' content='tesseract 3.04.00' />
  <meta name='ocr-capabilities' content='ocr_page ocr_carea ocr_par ocr_line ocrx_word'/>
</head>
<body>
  <div class='ocr_page' id='page_1' title='image "./commentariumtext05blatuoft_0117.png"; bbox 0 0 1981 3182; ppageno 0'>
   <div class='ocr_carea' id='block_1_1' title="bbox 180 0 289 11">
    <p class='ocr_par' dir='ltr' id='par_1_1' title="bbox 180 0 289 14">
     <span class='ocr_line' id='line_1_1' title="bbox 180 0 289 11; baseline -0.009 -1"><span class='ocrx_word' id='word_1_1' title='bbox 180 0 234 10; x_wconf 53' lang='lat' dir='ltr'>mv</span> <span class='ocrx_word' id='word_1_2' title='bbox 243 0 289 11; x_wconf 62' lang='grc'>,</span> 
     </span>
    </p>
   </div>
   <div class='ocr_carea' id='block_1_2' title="bbox 0 0 182 114">
    <p class='ocr_par' dir='ltr' id='par_1_2' title="bbox 0 0 182 114">
     <span class='ocr_line' id='line_1_2' title="bbox 0 0 182 114; baseline 0 3068"><span class='ocrx_word' id='word_1_3' title='bbox 0 0 182 114; x_wconf 95' lang='lat' dir='ltr'> </span> 
     </span>
    </p>
   </div>
   <div class='ocr_carea' id='block_1_3' title="bbox 112 132 1739 177">
    <p class='ocr_par' dir='ltr' id='par_1_3' title="bbox 112 132 1739 177">
     <span class='ocr_line' id='line_1_3' title="bbox 112 132 1739 177; baseline -0.002 -7"><span class='ocrx_word' id='word_1_4' title='bbox 112 135 203 170; x_wconf 81' lang='lat' dir='ltr'>Can.</span> <span class='ocrx_word' id='word_1_5' title='bbox 231 132 436 168; x_wconf 77' lang='lat'>2247-2248</span> <span class='ocrx_word' id='word_1_6' title='bbox 517 132 601 167; x_wconf 68' lang='lat' dir='ltr'>Tm.</span> <span class='ocrx_word' id='word_1_7' title='bbox 630 132 737 168; x_wconf 76' lang='lat' dir='ltr'><strong>VIII,</strong></span> <span class='ocrx_word' id='word_1_8' title='bbox 756 153 768 158; x_wconf 91' lang='lat'><em>-</em></span> <span class='ocrx_word' id='word_1_9' title='bbox 786 132 843 167; x_wconf 89' lang='lat' dir='ltr'>De</span> <span class='ocrx_word' id='word_1_10' title='bbox 863 136 1001 177; x_wconf 77' lang='lat' dir='ltr'>poenis</span> <span class='ocrx_word' id='word_1_11' title='bbox 1027 133 1327 166; x_wconf 76' lang='lat' dir='ltr'><em>medicinalibus</em></span> <span class='ocrx_word' id='word_1_12' title='bbox 1671 134 1739 168; x_wconf 85' lang='lat'>105</span> 
     </span>
    </p>
   </div>
   <div class='ocr_carea' id='block_1_4' title="bbox 154 184 1737 207">
    <p class='ocr_par' dir='ltr' id='par_1_4' title="bbox 154 184 1737 207">
     <span class='ocr_line' id='line_1_4' title="bbox 154 184 1737 207; baseline 0 0"><span class='ocrx_word' id='word_1_13' title='bbox 154 184 1737 207; x_wconf 95' lang='lat' dir='ltr'> </span> 
     </span>
    </p>
   </div>
   <div class='ocr_carea' id='block_1_5' title="bbox 112 250 1761 2790">
    <p class='ocr_par' dir='ltr' id='par_1_5' title="bbox 112 250 1751 1442">
     <span class='ocr_line' id='line_1_5' title="bbox 113 250 1740 309; baseline -0.002 -12"><span class='ocrx_word' id='word_1_14' title='bbox 113 265 315 298; x_wconf 79' lang='lat' dir='ltr'>censurae</span> <span class='ocrx_word' id='word_1_15' title='bbox 348 252 399 295; x_wconf 90' lang='lat' dir='ltr'>ob</span> <span class='ocrx_word' id='word_1_16' title='bbox 424 256 678 301; x_wconf 77' lang='lat' dir='ltr'>contextum,</span> <span class='ocrx_word' id='word_1_17' title='bbox 701 251 995 308; x_wconf 74' lang='lat' dir='ltr'>poenitentem,</span> <span class='ocrx_word' id='word_1_18' title='bbox 1019 264 1090 293; x_wconf 88' lang='lat' dir='ltr'>seu</span> <span class='ocrx_word' id='word_1_19' title='bbox 1118 253 1154 292; x_wconf 91' lang='lat' dir='ltr'>in</span> <span class='ocrx_word' id='word_1_20' title='bbox 1180 265 1301 307; x_wconf 76' lang='lat' dir='ltr'>quem</span> <span class='ocrx_word' id='word_1_21' title='bbox 1328 250 1477 293; x_wconf 86' lang='lat' dir='ltr'>habeat</span> <span class='ocrx_word' id='word_1_22' title='bbox 1500 255 1740 309; x_wconf 78' lang='lat' dir='ltr'>ceteroquin</span> 
     </span>
     <span class='ocr_line' id='line_1_6' title="bbox 113 321 1743 378; baseline -0.001 -11"><span class='ocrx_word' id='word_1_23' title='bbox 113 322 456 367; x_wconf 70' lang='lat' dir='ltr'>sacramentalem</span> <span class='ocrx_word' id='word_1_24' title='bbox 485 322 828 374; x_wconf 74' lang='lat' dir='ltr'>iurisdictionem,</span> <span class='ocrx_word' id='word_1_25' title='bbox 854 334 946 364; x_wconf 91' lang='grc'><strong>33111</strong></span> <span class='ocrx_word' id='word_1_26' title='bbox 978 321 1101 364; x_wconf 88' lang='lat' dir='ltr'>verba</span> <span class='ocrx_word' id='word_1_27' title='bbox 1142 322 1494 363; x_wconf 79' lang='lat' dir='ltr'>«confessarius»</span> <span class='ocrx_word' id='word_1_28' title='bbox 1533 327 1571 364; x_wconf 89' lang='lat' dir='ltr'>et</span> <span class='ocrx_word' id='word_1_29' title='bbox 1611 338 1630 362; x_wconf 85' lang='grc'>((</span> <span class='ocrx_word' id='word_1_30' title='bbox 1651 336 1743 378; x_wconf 87' lang='lat' dir='ltr'>poe-</span> 
     </span>
     <span class='ocr_line' id='line_1_7' title="bbox 114 391 1741 446; baseline -0.001 -8"><span class='ocrx_word' id='word_1_31' title='bbox 114 397 351 438; x_wconf 82' lang='lat' dir='ltr'>nitentem»</span> <span class='ocrx_word' id='word_1_32' title='bbox 392 393 467 436; x_wconf 89' lang='lat' dir='ltr'>boc</span> <span class='ocrx_word' id='word_1_33' title='bbox 502 395 539 435; x_wconf 91' lang='lat' dir='ltr'>in</span> <span class='ocrx_word' id='word_1_34' title='bbox 577 393 665 435; x_wconf 93' lang='grc'><strong>1060</strong></span> <span class='ocrx_word' id='word_1_35' title='bbox 698 406 740 434; x_wconf 85' lang='lat' dir='ltr'>se</span> <span class='ocrx_word' id='word_1_36' title='bbox 776 391 927 435; x_wconf 86' lang='lat' dir='ltr'>babent</span> <span class='ocrx_word' id='word_1_37' title='bbox 960 391 1225 445; x_wconf 71' lang='lat' dir='ltr'>correlative,</span> <span class='ocrx_word' id='word_1_38' title='bbox 1250 405 1273 433; x_wconf 80' lang='lat' dir='ltr'>a</span> <span class='ocrx_word' id='word_1_39' title='bbox 1307 405 1483 433; x_wconf 74' lang='lat' dir='ltr'>censura</span> <span class='ocrx_word' id='word_1_40' title='bbox 1515 398 1741 446; x_wconf 72' lang='lat' dir='ltr'>reservata,</span> 
     </span>
     <span class='ocr_line' id='line_1_8' title="bbox 116 462 1742 520; baseline -0.002 -12"><span class='ocrx_word' id='word_1_41' title='bbox 116 470 158 508; x_wconf 90' lang='lat' dir='ltr'>ut</span> <span class='ocrx_word' id='word_1_42' title='bbox 189 466 450 520; x_wconf 81' lang='lat' dir='ltr'>supponitur,</span> <span class='ocrx_word' id='word_1_43' title='bbox 484 476 590 520; x_wconf 84' lang='lat' dir='ltr'>quae</span> <span class='ocrx_word' id='word_1_44' title='bbox 629 465 861 518; x_wconf 83' lang='lat' dir='ltr'>«importet</span> <span class='ocrx_word' id='word_1_45' title='bbox 897 464 1221 504; x_wconf 80' lang='lat' dir='ltr'>reservationem</span> <span class='ocrx_word' id='word_1_46' title='bbox 1251 465 1406 517; x_wconf 85' lang='lat' dir='ltr'>peccati</span> <span class='ocrx_word' id='word_1_47' title='bbox 1429 478 1447 502; x_wconf 80' lang='lat'>›&gt;</span> <span class='ocrx_word' id='word_1_48' title='bbox 1486 464 1592 508; x_wconf 65' lang='grc'><strong>1633.</strong></span> <span class='ocrx_word' id='word_1_49' title='bbox 1615 462 1742 516; x_wconf 64' lang='lat'><strong>2246,</strong></span> 
     </span>
     <span class='ocr_line' id='line_1_9' title="bbox 113 531 1746 591; baseline -0.001 -14"><span class='ocrx_word' id='word_1_50' title='bbox 113 538 138 590; x_wconf 66' lang='lat' dir='ltr'>g</span> <span class='ocrx_word' id='word_1_51' title='bbox 172 535 228 591; x_wconf 76' lang='lat'>3),</span> <span class='ocrx_word' id='word_1_52' title='bbox 265 539 431 591; x_wconf 89' lang='lat' dir='ltr'>propter</span> <span class='ocrx_word' id='word_1_53' title='bbox 462 534 572 590; x_wconf 80' lang='lat' dir='ltr'>quod</span> <span class='ocrx_word' id='word_1_54' title='bbox 607 533 797 576; x_wconf 82' lang='lat' dir='ltr'>additur:</span> <span class='ocrx_word' id='word_1_55' title='bbox 832 546 880 574; x_wconf 78' lang='lat' dir='ltr'>ac</span> <span class='ocrx_word' id='word_1_56' title='bbox 911 537 1080 589; x_wconf 74' lang='lat' dir='ltr'>peccalo</span> <span class='ocrx_word' id='word_1_57' title='bbox 1108 531 1175 573; x_wconf 90' lang='lat' dir='ltr'>illo</span> <span class='ocrx_word' id='word_1_58' title='bbox 1200 545 1364 588; x_wconf 75' lang='lat' dir='ltr'>(pioque</span> <span class='ocrx_word' id='word_1_59' title='bbox 1398 531 1600 586; x_wconf 73' lang='lat' dir='ltr'>absolvat,</span> <span class='ocrx_word' id='word_1_60' title='bbox 1633 532 1746 575; x_wconf 70' lang='lat' dir='ltr'>abso-</span> 
     </span>
     <span class='ocr_line' id='line_1_10' title="bbox 112 601 1739 660; baseline -0.002 -11"><span class='ocrx_word' id='word_1_61' title='bbox 112 606 218 649; x_wconf 79' lang='lat' dir='ltr'>lutio</span> <span class='ocrx_word' id='word_1_62' title='bbox 251 618 454 648; x_wconf 71' lang='lat' dir='ltr'>censurae</span> <span class='ocrx_word' id='word_1_63' title='bbox 485 616 608 660; x_wconf 87' lang='lat' dir='ltr'>supra</span> <span class='ocrx_word' id='word_1_64' title='bbox 643 604 892 649; x_wconf 81' lang='lat' dir='ltr'>declaratae.</span> <span class='ocrx_word' id='word_1_65' title='bbox 926 605 1015 645; x_wconf 86' lang='lat' dir='ltr'>sive</span> <span class='ocrx_word' id='word_1_66' title='bbox 1047 603 1140 645; x_wconf 62' lang='lat' dir='ltr'>§edi</span> <span class='ocrx_word' id='word_1_67' title='bbox 1177 602 1451 658; x_wconf 67' lang='lat' dir='ltr'>Apostolicae,</span> <span class='ocrx_word' id='word_1_68' title='bbox 1490 605 1578 645; x_wconf 88' lang='lat' dir='ltr'>sive</span> <span class='ocrx_word' id='word_1_69' title='bbox 1617 601 1739 647; x_wconf 90' lang='lat' dir='ltr'>Ordi-</span> 
     </span>
     <span class='ocr_line' id='line_1_11' title="bbox 115 671 1743 729; baseline -0.002 -10"><span class='ocrx_word' id='word_1_70' title='bbox 115 679 229 720; x_wconf 78' lang='grc'><strong>33110</strong></span> <span class='ocrx_word' id='word_1_71' title='bbox 274 681 513 719; x_wconf 80' lang='lat' dir='ltr'>reservatae</span> <span class='ocrx_word' id='word_1_72' title='bbox 546 688 567 717; x_wconf 95' lang='lat' dir='ltr'>a</span> <span class='ocrx_word' id='word_1_73' title='bbox 618 677 706 717; x_wconf 90' lang='lat' dir='ltr'>iure</span> <span class='ocrx_word' id='word_1_74' title='bbox 741 673 863 727; x_wconf 67' lang='lat' dir='ltr'>valet,</span> <span class='ocrx_word' id='word_1_75' title='bbox 910 686 957 715; x_wconf 84' lang='grc'>36</span> <span class='ocrx_word' id='word_1_76' title='bbox 991 678 1297 729; x_wconf 79' lang='lat' dir='ltr'>consequenter</span> <span class='ocrx_word' id='word_1_77' title='bbox 1340 671 1543 715; x_wconf 79' lang='lat' dir='ltr'>absolutio</span> <span class='ocrx_word' id='word_1_78' title='bbox 1589 678 1743 729; x_wconf 88' lang='lat' dir='ltr'>peccati</span> 
     </span>
     <span class='ocr_line' id='line_1_12' title="bbox 113 742 1746 799; baseline -0.003 -9"><span class='ocrx_word' id='word_1_79' title='bbox 113 747 245 790; x_wconf 90' lang='lat' dir='ltr'>solum</span> <span class='ocrx_word' id='word_1_80' title='bbox 284 745 514 789; x_wconf 87' lang='lat' dir='ltr'>virtualiter</span> <span class='ocrx_word' id='word_1_81' title='bbox 549 747 763 798; x_wconf 73' lang='lat' dir='ltr'>reservati,</span> <span class='ocrx_word' id='word_1_82' title='bbox 788 743 1012 786; x_wconf 70' lang='lat' dir='ltr'>(lummodo</span> <span class='ocrx_word' id='word_1_83' title='bbox 1038 757 1086 785; x_wconf 80' lang='lat' dir='ltr'>ne</span> <span class='ocrx_word' id='word_1_84' title='bbox 1119 743 1326 799; x_wconf 82' lang='lat' dir='ltr'>praedicta</span> <span class='ocrx_word' id='word_1_85' title='bbox 1352 743 1407 785; x_wconf 77' lang='lat' dir='ltr'>sil</span> <span class='ocrx_word' id='word_1_86' title='bbox 1431 742 1667 799; x_wconf 60' lang='grc'><strong>3116113313</strong></span> <span class='ocrx_word' id='word_1_87' title='bbox 1697 744 1746 786; x_wconf 78' lang='lat' dir='ltr'>ab</span> 
     </span>
     <span class='ocr_line' id='line_1_13' title="bbox 116 813 1746 872; baseline -0.004 -11"><span class='ocrx_word' id='word_1_88' title='bbox 116 817 293 869; x_wconf 75' lang='lat' dir='ltr'>homine,</span> <span class='ocrx_word' id='word_1_89' title='bbox 327 816 471 860; x_wconf 88' lang='lat' dir='ltr'>saltem</span> <span class='ocrx_word' id='word_1_90' title='bbox 498 820 665 872; x_wconf 87' lang='lat' dir='ltr'>propter</span> <span class='ocrx_word' id='word_1_91' title='bbox 688 817 933 858; x_wconf 86' lang='lat' dir='ltr'>sententiam</span> <span class='ocrx_word' id='word_1_92' title='bbox 961 814 1360 868; x_wconf 84' lang='lat' dir='ltr'>condemnatoriam,</span> <span class='ocrx_word' id='word_1_93' title='bbox 1384 819 1457 855; x_wconf 75' lang='lat' dir='ltr'>(int</span> <span class='ocrx_word' id='word_1_94' title='bbox 1494 813 1533 868; x_wconf 91' lang='lat' dir='ltr'>b)</span> <span class='ocrx_word' id='word_1_95' title='bbox 1570 828 1746 856; x_wconf 69' lang='lat' dir='ltr'>censura</span> 
     </span>
     <span class='ocr_line' id='line_1_14' title="bbox 113 882 1745 947; baseline -0.004 -16"><span class='ocrx_word' id='word_1_96' title='bbox 113 888 420 947; x_wconf 75' lang='lat' dir='ltr'>specialissimo</span> <span class='ocrx_word' id='word_1_97' title='bbox 456 891 611 930; x_wconf 91' lang='lat' dir='ltr'>tantum</span> <span class='ocrx_word' id='word_1_98' title='bbox 647 885 767 928; x_wconf 79' lang='lat' dir='ltr'>modo</span> <span class='ocrx_word' id='word_1_99' title='bbox 802 884 906 927; x_wconf 66' lang='lat' dir='ltr'>Sesti</span> <span class='ocrx_word' id='word_1_100' title='bbox 938 884 1206 942; x_wconf 74' lang='lat' dir='ltr'>Apostolieae</span> <span class='ocrx_word' id='word_1_101' title='bbox 1238 882 1645 936; x_wconf 49' lang='grc' dir='ltr'>Ἰ1939113111.033611</span> <span class='ocrx_word' id='word_1_102' title='bbox 1678 899 1745 941; x_wconf 88' lang='lat' dir='ltr'>po-</span> 
     </span>
     <span class='ocr_line' id='line_1_15' title="bbox 114 954 1749 1014; baseline -0.003 -11"><span class='ocrx_word' id='word_1_103' title='bbox 114 964 192 1004; x_wconf 89' lang='lat' dir='ltr'>test</span> <span class='ocrx_word' id='word_1_104' title='bbox 226 972 322 1002; x_wconf 90' lang='lat' dir='ltr'>num</span> <span class='ocrx_word' id='word_1_105' title='bbox 358 960 538 1014; x_wconf 83' lang='lat' dir='ltr'>cognitio</span> <span class='ocrx_word' id='word_1_106' title='bbox 574 959 869 1000; x_wconf 75' lang='lat' dir='ltr'>reservationis</span> <span class='ocrx_word' id='word_1_107' title='bbox 903 969 950 999; x_wconf 76' lang='lat' dir='ltr'>ex</span> <span class='ocrx_word' id='word_1_108' title='bbox 980 960 1093 1012; x_wconf 88' lang='lat' dir='ltr'>parte</span> <span class='ocrx_word' id='word_1_109' title='bbox 1129 959 1374 1011; x_wconf 85' lang='lat' dir='ltr'>poenitentis</span> <span class='ocrx_word' id='word_1_110' title='bbox 1397 954 1529 998; x_wconf 84' lang='lat' dir='ltr'>obstet</span> <span class='ocrx_word' id='word_1_111' title='bbox 1565 958 1601 996; x_wconf 85' lang='lat' dir='ltr'>vi</span> <span class='ocrx_word' id='word_1_112' title='bbox 1629 955 1749 998; x_wconf 82' lang='grc'><strong>113135</strong></span> 
     </span>
     <span class='ocr_line' id='line_1_16' title="bbox 116 1025 1748 1088; baseline -0.004 -14"><span class='ocrx_word' id='word_1_113' title='bbox 116 1029 397 1088; x_wconf 75' lang='lat' dir='ltr'>praescripti?</span> <span class='ocrx_word' id='word_1_114' title='bbox 437 1027 606 1071; x_wconf 87' lang='lat' dir='ltr'>Videtur</span> <span class='ocrx_word' id='word_1_115' title='bbox 652 1027 988 1083; x_wconf 75' lang='lat' dir='ltr'>respmitlemlum</span> <span class='ocrx_word' id='word_1_116' title='bbox 1030 1027 1278 1069; x_wconf 79' lang='lat' dir='ltr'>atlrmative.</span> <span class='ocrx_word' id='word_1_117' title='bbox 1312 1028 1387 1068; x_wconf 88' lang='lat' dir='ltr'>nisi</span> <span class='ocrx_word' id='word_1_118' title='bbox 1423 1025 1589 1068; x_wconf 81' lang='lat' dir='ltr'>aliunde</span> <span class='ocrx_word' id='word_1_119' title='bbox 1623 1040 1748 1068; x_wconf 81' lang='lat' dir='ltr'>reser-</span> 
     </span>
     <span class='ocr_line' id='line_1_17' title="bbox 120 1092 1745 1164; baseline -0.003 -21"><span class='ocrx_word' id='word_1_120' title='bbox 120 1104 228 1145; x_wconf 87' lang='lat' dir='ltr'>vatio</span> <span class='ocrx_word' id='word_1_121' title='bbox 261 1104 406 1144; x_wconf 84' lang='lat' dir='ltr'>cesset.</span> <span class='ocrx_word' id='word_1_122' title='bbox 440 1098 554 1142; x_wconf 93' lang='lat' dir='ltr'>Tunc</span> <span class='ocrx_word' id='word_1_123' title='bbox 588 1101 697 1142; x_wconf 92' lang='lat' dir='ltr'>enim</span> <span class='ocrx_word' id='word_1_124' title='bbox 734 1099 859 1164; x_wconf 51' lang='lat' dir='ltr'>deest„</span> <span class='ocrx_word' id='word_1_125' title='bbox 887 1099 1109 1153; x_wconf 84' lang='lat' dir='ltr'>poenitenti</span> <span class='ocrx_word' id='word_1_126' title='bbox 1145 1092 1282 1140; x_wconf 86' lang='lat' dir='ltr'>debita</span> <span class='ocrx_word' id='word_1_127' title='bbox 1318 1097 1544 1152; x_wconf 67' lang='lat' dir='ltr'>dispositio,</span> <span class='ocrx_word' id='word_1_128' title='bbox 1579 1110 1672 1139; x_wconf 88' lang='lat' dir='ltr'>cum</span> <span class='ocrx_word' id='word_1_129' title='bbox 1710 1100 1745 1138; x_wconf 91' lang='lat' dir='ltr'>in</span> 
     </span>
     <span class='ocr_line' id='line_1_18' title="bbox 118 1166 1751 1229; baseline -0.004 -13"><span class='ocrx_word' id='word_1_130' title='bbox 118 1174 224 1217; x_wconf 82' lang='lat' dir='ltr'>facto</span> <span class='ocrx_word' id='word_1_131' title='bbox 260 1166 828 1229; x_wconf 75' lang='lat' dir='ltr'>recipiendae&#39;absolutionis</span> <span class='ocrx_word' id='word_1_132' title='bbox 864 1176 1003 1227; x_wconf 76' lang='lat' dir='ltr'>peccet</span> <span class='ocrx_word' id='word_1_133' title='bbox 1039 1176 1180 1213; x_wconf 80' lang='lat' dir='ltr'>contra</span> <span class='ocrx_word' id='word_1_134' title='bbox 1218 1169 1465 1226; x_wconf 79' lang='lat' dir='ltr'>legislatoris</span> <span class='ocrx_word' id='word_1_135' title='bbox 1500 1170 1751 1211; x_wconf 74' lang='lat' dir='ltr'>reservantis</span> 
     </span>
     <span class='ocr_line' id='line_1_19' title="bbox 120 1239 1747 1300; baseline -0.004 -13"><span class='ocrx_word' id='word_1_136' title='bbox 120 1244 387 1288; x_wconf 87' lang='lat' dir='ltr'>voluntatem.</span> <span class='ocrx_word' id='word_1_137' title='bbox 412 1243 461 1287; x_wconf 91' lang='lat' dir='ltr'>Et</span> <span class='ocrx_word' id='word_1_138' title='bbox 492 1246 588 1300; x_wconf 84' lang='lat' dir='ltr'>quia</span> <span class='ocrx_word' id='word_1_139' title='bbox 615 1245 915 1299; x_wconf 88' lang='lat' dir='ltr'>praescriptum</span> <span class='ocrx_word' id='word_1_140' title='bbox 942 1244 1112 1285; x_wconf 86' lang='lat' dir='ltr'>canonis</span> <span class='ocrx_word' id='word_1_141' title='bbox 1138 1243 1332 1297; x_wconf 89' lang='lat' dir='ltr'>prospicit</span> <span class='ocrx_word' id='word_1_142' title='bbox 1360 1240 1560 1283; x_wconf 77' lang='lat' dir='ltr'>validitati</span> <span class='ocrx_word' id='word_1_143' title='bbox 1585 1239 1747 1282; x_wconf 84' lang='lat' dir='ltr'>absolu-</span> 
     </span>
     <span class='ocr_line' id='line_1_20' title="bbox 118 1312 1749 1371; baseline -0.004 -12"><span class='ocrx_word' id='word_1_144' title='bbox 118 1318 239 1359; x_wconf 86' lang='lat' dir='ltr'>tionis</span> <span class='ocrx_word' id='word_1_145' title='bbox 272 1328 293 1359; x_wconf 92' lang='lat' dir='ltr'>a</span> <span class='ocrx_word' id='word_1_146' title='bbox 331 1320 512 1371; x_wconf 71' lang='lat' dir='ltr'>peccato,</span> <span class='ocrx_word' id='word_1_147' title='bbox 547 1314 662 1357; x_wconf 83' lang='lat' dir='ltr'>deest</span> <span class='ocrx_word' id='word_1_148' title='bbox 688 1327 803 1356; x_wconf 87' lang='lat' dir='ltr'>mens</span> <span class='ocrx_word' id='word_1_149' title='bbox 827 1313 1077 1355; x_wconf 78' lang='lat' dir='ltr'>extendendi</span> <span class='ocrx_word' id='word_1_150' title='bbox 1106 1312 1202 1354; x_wconf 80' lang='lat' dir='ltr'>itnnl</span> <span class='ocrx_word' id='word_1_151' title='bbox 1239 1312 1287 1354; x_wconf 88' lang='lat' dir='ltr'>ad</span> <span class='ocrx_word' id='word_1_152' title='bbox 1314 1324 1454 1354; x_wconf 87' lang='lat' dir='ltr'>casum</span> <span class='ocrx_word' id='word_1_153' title='bbox 1483 1314 1749 1367; x_wconf 86' lang='lat' dir='ltr'>propositum.</span> 
     </span>
     <span class='ocr_line' id='line_1_21' title="bbox 120 1379 1682 1442; baseline -0.004 -13"><span class='ocrx_word' id='word_1_154' title='bbox 120 1387 290 1442; x_wconf 89' lang='lat' dir='ltr'>lnsuper</span> <span class='ocrx_word' id='word_1_155' title='bbox 323 1387 434 1429; x_wconf 87' lang='lat' dir='ltr'>fraus</span> <span class='ocrx_word' id='word_1_156' title='bbox 466 1390 505 1429; x_wconf 93' lang='lat' dir='ltr'>et</span> <span class='ocrx_word' id='word_1_157' title='bbox 539 1384 672 1437; x_wconf 78' lang='grc'><strong>(10135,</strong></span> <span class='ocrx_word' id='word_1_158' title='bbox 706 1387 813 1427; x_wconf 85' lang='lat' dir='ltr'>sicut</span> <span class='ocrx_word' id='word_1_159' title='bbox 848 1386 885 1426; x_wconf 93' lang='lat' dir='ltr'>in</span> <span class='ocrx_word' id='word_1_160' title='bbox 921 1396 1033 1432; x_wconf 71' lang='lat' dir='ltr'>casn,</span> <span class='ocrx_word' id='word_1_161' title='bbox 1070 1385 1221 1425; x_wconf 80' lang='lat' dir='ltr'>nemini</span> <span class='ocrx_word' id='word_1_162' title='bbox 1258 1384 1506 1438; x_wconf 84' lang='lat' dir='ltr'>patrocinari</span> <span class='ocrx_word' id='word_1_163' title='bbox 1546 1379 1682 1423; x_wconf 87' lang='lat' dir='ltr'>debet.</span> 
     </span>
    </p>

    <p class='ocr_par' dir='ltr' id='par_1_6' title="bbox 117 1444 1756 2219">
     <span class='ocr_line' id='line_1_22' title="bbox 237 1444 1751 1510; baseline -0.005 -10"><span class='ocrx_word' id='word_1_164' title='bbox 237 1457 305 1501; x_wconf 77' lang='lat'>72.</span> <span class='ocrx_word' id='word_1_165' title='bbox 342 1459 414 1503; x_wconf 88' lang='lat' dir='ltr'>De</span> <span class='ocrx_word' id='word_1_166' title='bbox 458 1458 773 1502; x_wconf 86' lang='lat' dir='ltr'>absolutione</span> <span class='ocrx_word' id='word_1_167' title='bbox 818 1444 1070 1502; x_wconf 69' lang='lat' dir='ltr'>censurae,</span> <span class='ocrx_word' id='word_1_168' title='bbox 1116 1453 1250 1510; x_wconf 79' lang='lat' dir='ltr'>quoad</span> <span class='ocrx_word' id='word_1_169' title='bbox 1298 1452 1406 1495; x_wconf 91' lang='lat' dir='ltr'>illius</span> <span class='ocrx_word' id='word_1_170' title='bbox 1449 1454 1751 1503; x_wconf 75' lang='lat' dir='ltr'>necessitatem,</span> 
     </span>
     <span class='ocr_line' id='line_1_23' title="bbox 117 1520 1752 1577; baseline -0.005 -6"><span class='ocrx_word' id='word_1_171' title='bbox 117 1530 428 1571; x_wconf 86' lang='lat' dir='ltr'>concessionem</span> <span class='ocrx_word' id='word_1_172' title='bbox 462 1540 509 1569; x_wconf 93' lang='lat' dir='ltr'>ac</span> <span class='ocrx_word' id='word_1_173' title='bbox 547 1529 627 1568; x_wconf 83' lang='lat' dir='ltr'>vim</span> <span class='ocrx_word' id='word_1_174' title='bbox 664 1530 811 1568; x_wconf 89' lang='lat' dir='ltr'>tractat</span> <span class='ocrx_word' id='word_1_175' title='bbox 846 1539 936 1568; x_wconf 68' lang='lat' dir='ltr'>mm.</span> <span class='ocrx_word' id='word_1_176' title='bbox 971 1526 1110 1566; x_wconf 63' lang='lat'><em>2248.</em></span> <span class='ocrx_word' id='word_1_177' title='bbox 1148 1523 1345 1566; x_wconf 86' lang='lat' dir='ltr'>Damnata</span> <span class='ocrx_word' id='word_1_178' title='bbox 1392 1524 1467 1564; x_wconf 80' lang='grc'><strong>1311</strong></span> <span class='ocrx_word' id='word_1_179' title='bbox 1501 1535 1572 1577; x_wconf 90' lang='lat' dir='ltr'>per</span> <span class='ocrx_word' id='word_1_180' title='bbox 1601 1520 1752 1577; x_wconf 79' lang='lat' dir='ltr'>Congr.</span> 
     </span>
     <span class='ocr_line' id='line_1_24' title="bbox 119 1596 1752 1654; baseline -0.006 -11"><span class='ocrx_word' id='word_1_181' title='bbox 119 1600 156 1643; x_wconf 83' lang='lat' dir='ltr'>S.</span> <span class='ocrx_word' id='word_1_182' title='bbox 191 1596 360 1642; x_wconf 65' lang='lat' dir='ltr'>Oine-w</span> <span class='ocrx_word' id='word_1_183' title='bbox 409 1611 523 1654; x_wconf 90' lang='lat' dir='ltr'>prop.</span> <span class='ocrx_word' id='word_1_184' title='bbox 575 1596 682 1638; x_wconf 75' lang='lat'>«44.</span> <span class='ocrx_word' id='word_1_185' title='bbox 727 1596 872 1650; x_wconf 80' lang='lat' dir='ltr'>Quoad</span> <span class='ocrx_word' id='word_1_186' title='bbox 925 1597 1058 1637; x_wconf 83' lang='lat' dir='ltr'>forum</span> <span class='ocrx_word' id='word_1_187' title='bbox 1109 1596 1401 1646; x_wconf 70' lang='lat' dir='ltr'>eonscientiae,</span> <span class='ocrx_word' id='word_1_188' title='bbox 1448 1606 1517 1635; x_wconf 91' lang='lat' dir='ltr'>reo</span> <span class='ocrx_word' id='word_1_189' title='bbox 1565 1597 1752 1635; x_wconf 86' lang='lat' dir='ltr'>correcto</span> 
     </span>
     <span class='ocr_line' id='line_1_25' title="bbox 120 1663 1751 1727; baseline -0.005 -15"><span class='ocrx_word' id='word_1_190' title='bbox 120 1672 293 1727; x_wconf 87' lang='lat' dir='ltr'>eiusque</span> <span class='ocrx_word' id='word_1_191' title='bbox 327 1670 587 1712; x_wconf 86' lang='lat' dir='ltr'>contumacia</span> <span class='ocrx_word' id='word_1_192' title='bbox 623 1672 824 1714; x_wconf 80' lang='grc'><strong>60553310,</strong></span> <span class='ocrx_word' id='word_1_193' title='bbox 850 1671 1010 1709; x_wconf 86' lang='lat' dir='ltr'>cessant</span> <span class='ocrx_word' id='word_1_194' title='bbox 1045 1678 1303 1708; x_wconf 81' lang='lat' dir='ltr'>censurae».</span> <span class='ocrx_word' id='word_1_195' title='bbox 1324 1663 1354 1706; x_wconf 88' lang='grc' dir='ltr'>Ε</span> <span class='ocrx_word' id='word_1_196' title='bbox 1378 1665 1585 1706; x_wconf 82' lang='lat' dir='ltr'>contrario</span> <span class='ocrx_word' id='word_1_197' title='bbox 1609 1664 1751 1705; x_wconf 87' lang='lat' dir='ltr'>asserit</span> 
     </span>
     <span class='ocr_line' id='line_1_26' title="bbox 119 1734 1751 1795; baseline -0.005 -12"><span class='ocrx_word' id='word_1_198' title='bbox 119 1739 147 1795; x_wconf 62' lang='grc' dir='ltr'>ξ</span> <span class='ocrx_word' id='word_1_199' title='bbox 180 1743 214 1785; x_wconf 85' lang='grc'>1.</span> <span class='ocrx_word' id='word_1_200' title='bbox 253 1738 471 1793; x_wconf 73' lang='lat' dir='ltr'>Quaelibel</span> <span class='ocrx_word' id='word_1_201' title='bbox 505 1752 682 1781; x_wconf 71' lang='lat' dir='ltr'>censura</span> <span class='ocrx_word' id='word_1_202' title='bbox 719 1740 883 1794; x_wconf 89' lang='lat' dir='ltr'>proprie</span> <span class='ocrx_word' id='word_1_203' title='bbox 918 1738 1042 1789; x_wconf 81' lang='lat' dir='ltr'>dicta,</span> <span class='ocrx_word' id='word_1_204' title='bbox 1078 1750 1155 1778; x_wconf 91' lang='lat' dir='ltr'>non</span> <span class='ocrx_word' id='word_1_205' title='bbox 1192 1737 1270 1778; x_wconf 91' lang='lat' dir='ltr'>iam</span> <span class='ocrx_word' id='word_1_206' title='bbox 1318 1734 1568 1790; x_wconf 66' lang='lat' dir='ltr'>homonyma</span> <span class='ocrx_word' id='word_1_207' title='bbox 1610 1746 1751 1789; x_wconf 74' lang='lat' dir='ltr'>poena,</span> 
     </span>
     <span class='ocr_line' id='line_1_27' title="bbox 125 1802 1755 1867; baseline -0.004 -16"><span class='ocrx_word' id='word_1_208' title='bbox 125 1824 160 1855; x_wconf 85' lang='lat' dir='ltr'>v.</span> <span class='ocrx_word' id='word_1_209' title='bbox 196 1825 257 1867; x_wconf 85' lang='lat' dir='ltr'>gr.</span> <span class='ocrx_word' id='word_1_210' title='bbox 296 1812 550 1866; x_wconf 80' lang='lat' dir='ltr'>«suspensio</span> <span class='ocrx_word' id='word_1_211' title='bbox 584 1809 633 1852; x_wconf 86' lang='lat' dir='ltr'>ad</span> <span class='ocrx_word' id='word_1_212' title='bbox 671 1814 833 1864; x_wconf 85' lang='lat' dir='ltr'>tempus</span> <span class='ocrx_word' id='word_1_213' title='bbox 868 1808 1129 1864; x_wconf 78' lang='lat' dir='ltr'>praefinitum</span> <span class='ocrx_word' id='word_1_214' title='bbox 1154 1823 1171 1846; x_wconf 85' lang='grc'>))</span> <span class='ocrx_word' id='word_1_215' title='bbox 1211 1806 1319 1862; x_wconf 79' lang='lat' dir='ltr'>(can.</span> <span class='ocrx_word' id='word_1_216' title='bbox 1356 1805 1481 1857; x_wconf 70' lang='lat'><strong>2298,</strong></span> <span class='ocrx_word' id='word_1_217' title='bbox 1518 1803 1596 1860; x_wconf 65' lang='lat'>22⁰),</span> <span class='ocrx_word' id='word_1_218' title='bbox 1630 1802 1755 1846; x_wconf 80' lang='lat' dir='ltr'>semel</span> 
     </span>
     <span class='ocr_line' id='line_1_28' title="bbox 122 1875 1756 1938; baseline -0.006 -14"><span class='ocrx_word' id='word_1_219' title='bbox 122 1887 339 1925; x_wconf 73' lang='lat' dir='ltr'>contracta</span> <span class='ocrx_word' id='word_1_220' title='bbox 375 1895 446 1938; x_wconf 92' lang='lat' dir='ltr'>per</span> <span class='ocrx_word' id='word_1_221' title='bbox 480 1885 684 1937; x_wconf 88' lang='lat' dir='ltr'>patratum</span> <span class='ocrx_word' id='word_1_222' title='bbox 721 1879 933 1928; x_wconf 86' lang='lat' dir='ltr'>delictum,</span> <span class='ocrx_word' id='word_1_223' title='bbox 973 1878 1033 1920; x_wconf 80' lang='lat' dir='ltr'>vel</span> <span class='ocrx_word' id='word_1_224' title='bbox 1071 1892 1142 1934; x_wconf 85' lang='lat' dir='ltr'>per</span> <span class='ocrx_word' id='word_1_225' title='bbox 1175 1879 1418 1919; x_wconf 88' lang='lat' dir='ltr'>sententiam</span> <span class='ocrx_word' id='word_1_226' title='bbox 1465 1875 1756 1918; x_wconf 85' lang='lat' dir='ltr'>condemnato-</span> 
     </span>
     <span class='ocr_line' id='line_1_29' title="bbox 124 1944 1753 2009; baseline -0.006 -13"><span class='ocrx_word' id='word_1_227' title='bbox 124 1955 242 2007; x_wconf 73' lang='lat' dir='ltr'>riam,</span> <span class='ocrx_word' id='word_1_228' title='bbox 279 1966 351 2009; x_wconf 88' lang='lat' dir='ltr'>pro</span> <span class='ocrx_word' id='word_1_229' title='bbox 384 1965 555 1995; x_wconf 87' lang='lat' dir='ltr'>casuum</span> <span class='ocrx_word' id='word_1_230' title='bbox 589 1951 848 2003; x_wconf 77' lang='lat' dir='ltr'>diversitate,</span> <span class='ocrx_word' id='word_1_231' title='bbox 884 1949 1051 1991; x_wconf 78' lang='lat' dir='ltr'>lollilm·</span> <span class='ocrx_word' id='word_1_232' title='bbox 1086 1953 1262 2001; x_wconf 67' lang='lat' dir='ltr'>tarnum,</span> <span class='ocrx_word' id='word_1_233' title='bbox 1298 1960 1389 1989; x_wconf 91' lang='grc'><strong>6331</strong></span> <span class='ocrx_word' id='word_1_234' title='bbox 1426 1945 1664 1988; x_wconf 81' lang='lat' dir='ltr'>exclusione</span> <span class='ocrx_word' id='word_1_235' title='bbox 1698 1944 1753 1987; x_wconf 90' lang='lat' dir='ltr'>al-</span> 
     </span>
     <span class='ocr_line' id='line_1_30' title="bbox 124 2014 1754 2079; baseline -0.007 -12"><span class='ocrx_word' id='word_1_236' title='bbox 124 2026 252 2067; x_wconf 88' lang='lat' dir='ltr'>terius</span> <span class='ocrx_word' id='word_1_237' title='bbox 286 2023 410 2077; x_wconf 73' lang='lat' dir='ltr'>modi,</span> <span class='ocrx_word' id='word_1_238' title='bbox 445 2022 634 2079; x_wconf 62' lang='lat' dir='ltr'>legitima</span> <span class='ocrx_word' id='word_1_239' title='bbox 668 2035 739 2064; x_wconf 83' lang='lat' dir='ltr'>sen</span> <span class='ocrx_word' id='word_1_240' title='bbox 776 2024 887 2063; x_wconf 85' lang='lat' dir='ltr'>iuxta</span> <span class='ocrx_word' id='word_1_241' title='bbox 924 2034 976 2063; x_wconf 87' lang='lat' dir='ltr'>ss.</span> <span class='ocrx_word' id='word_1_242' title='bbox 1002 2032 1181 2062; x_wconf 66' lang='lat' dir='ltr'>(rationes</span> <span class='ocrx_word' id='word_1_243' title='bbox 1214 2018 1348 2075; x_wconf 80' lang='lat' dir='ltr'>quoad</span> <span class='ocrx_word' id='word_1_244' title='bbox 1382 2016 1635 2059; x_wconf 87' lang='lat' dir='ltr'>validitatem</span> <span class='ocrx_word' id='word_1_245' title='bbox 1661 2014 1754 2057; x_wconf 86' lang='lat' dir='ltr'>data</span> 
     </span>
     <span class='ocr_line' id='line_1_31' title="bbox 124 2084 1756 2151; baseline -0.006 -14"><span class='ocrx_word' id='word_1_246' title='bbox 124 2094 397 2138; x_wconf 72' lang='lat' dir='ltr'>absolutione.</span> <span class='ocrx_word' id='word_1_247' title='bbox 432 2106 538 2151; x_wconf 81' lang='lat' dir='ltr'>quae</span> <span class='ocrx_word' id='word_1_248' title='bbox 572 2097 631 2135; x_wconf 87' lang='lat' dir='ltr'>est</span> <span class='ocrx_word' id='word_1_249' title='bbox 665 2097 796 2146; x_wconf 79' lang='lat' dir='ltr'>actus,</span> <span class='ocrx_word' id='word_1_250' title='bbox 830 2105 910 2149; x_wconf 79' lang='lat' dir='ltr'>qno</span> <span class='ocrx_word' id='word_1_251' title='bbox 958 2091 1166 2146; x_wconf 80' lang='lat' dir='ltr'>legitimus</span> <span class='ocrx_word' id='word_1_252' title='bbox 1200 2089 1399 2144; x_wconf 79' lang='lat' dir='ltr'>Superior</span> <span class='ocrx_word' id='word_1_253' title='bbox 1442 2088 1635 2143; x_wconf 83' lang='lat' dir='ltr'>exprimit</span> <span class='ocrx_word' id='word_1_254' title='bbox 1680 2084 1756 2127; x_wconf 93' lang='grc'><strong>1106</strong></span> 
     </span>
     <span class='ocr_line' id='line_1_32' title="bbox 128 2160 1505 2219; baseline -0.007 -11"><span class='ocrx_word' id='word_1_255' title='bbox 128 2166 253 2211; x_wconf 89' lang='lat' dir='ltr'>verbo</span> <span class='ocrx_word' id='word_1_256' title='bbox 287 2179 330 2208; x_wconf 87' lang='lat' dir='ltr'>se</span> <span class='ocrx_word' id='word_1_257' title='bbox 363 2164 583 2208; x_wconf 87' lang='lat' dir='ltr'>absolvere</span> <span class='ocrx_word' id='word_1_258' title='bbox 619 2163 740 2206; x_wconf 89' lang='lat' dir='ltr'>talem</span> <span class='ocrx_word' id='word_1_259' title='bbox 778 2175 995 2219; x_wconf 75' lang='lat' dir='ltr'>personam</span> <span class='ocrx_word' id='word_1_260' title='bbox 1031 2160 1081 2203; x_wconf 91' lang='lat' dir='ltr'>ab</span> <span class='ocrx_word' id='word_1_261' title='bbox 1117 2163 1279 2202; x_wconf 87' lang='lat' dir='ltr'>incursa</span> <span class='ocrx_word' id='word_1_262' title='bbox 1315 2170 1505 2201; x_wconf 88' lang='lat' dir='ltr'>censura.</span> 
     </span>
    </p>

    <p class='ocr_par' dir='ltr' id='par_1_7' title="bbox 124 2228 1761 2790">
     <span class='ocr_line' id='line_1_33' title="bbox 242 2228 1761 2291; baseline -0.008 -12"><span class='ocrx_word' id='word_1_263' title='bbox 242 2236 348 2280; x_wconf 87' lang='lat' dir='ltr'>Hinc</span> <span class='ocrx_word' id='word_1_264' title='bbox 384 2238 420 2278; x_wconf 95' lang='lat' dir='ltr'>in</span> <span class='ocrx_word' id='word_1_265' title='bbox 457 2248 592 2291; x_wconf 87' lang='lat' dir='ltr'>praec.</span> <span class='ocrx_word' id='word_1_266' title='bbox 630 2237 731 2285; x_wconf 68' lang='lat' dir='ltr'>inre,</span> <span class='ocrx_word' id='word_1_267' title='bbox 765 2233 1020 2277; x_wconf 88' lang='lat' dir='ltr'>Clementina</span> <span class='ocrx_word' id='word_1_268' title='bbox 1058 2231 1079 2273; x_wconf 75' lang='lat'><strong>4</strong></span> <span class='ocrx_word' id='word_1_269' title='bbox 1122 2246 1140 2271; x_wconf 68' lang='grc' dir='ltr'>α</span> <span class='ocrx_word' id='word_1_270' title='bbox 1161 2231 1210 2273; x_wconf 88' lang='grc'>(10</span> <span class='ocrx_word' id='word_1_271' title='bbox 1243 2231 1443 2272; x_wconf 88' lang='lat' dir='ltr'>sententia</span> <span class='ocrx_word' id='word_1_272' title='bbox 1478 2228 1761 2271; x_wconf 84' lang='lat' dir='ltr'>excommuni-</span> 
     </span>
     <span class='ocr_line' id='line_1_34' title="bbox 124 2299 1753 2363; baseline -0.009 -11"><span class='ocrx_word' id='word_1_273' title='bbox 124 2310 381 2352; x_wconf 84' lang='lat' dir='ltr'>cationis...»</span> <span class='ocrx_word' id='word_1_274' title='bbox 420 2305 486 2363; x_wconf 79' lang='lat' dir='ltr'>(V,</span> <span class='ocrx_word' id='word_1_275' title='bbox 526 2305 594 2361; x_wconf 85' lang='lat'>10)</span> <span class='ocrx_word' id='word_1_276' title='bbox 629 2305 806 2348; x_wconf 88' lang='lat' dir='ltr'>dicitur:</span> <span class='ocrx_word' id='word_1_277' title='bbox 847 2305 924 2345; x_wconf 65' lang='lat' dir='ltr'>«Si</span> <span class='ocrx_word' id='word_1_278' title='bbox 961 2304 1156 2346; x_wconf 80' lang='lat' dir='ltr'>Summus</span> <span class='ocrx_word' id='word_1_279' title='bbox 1194 2301 1374 2342; x_wconf 78' lang='lat' dir='ltr'>Pontifex</span> <span class='ocrx_word' id='word_1_280' title='bbox 1408 2301 1587 2342; x_wconf 86' lang='lat' dir='ltr'>scienter</span> <span class='ocrx_word' id='word_1_281' title='bbox 1631 2299 1753 2339; x_wconf 88' lang='lat' dir='ltr'>eliam</span> 
     </span>
     <span class='ocr_line' id='line_1_35' title="bbox 125 2368 1759 2432; baseline -0.009 -9"><span class='ocrx_word' id='word_1_282' title='bbox 125 2380 489 2423; x_wconf 87' lang='lat' dir='ltr'>excommunicato</span> <span class='ocrx_word' id='word_1_283' title='bbox 525 2378 741 2432; x_wconf 88' lang='lat' dir='ltr'>participet</span> <span class='ocrx_word' id='word_1_284' title='bbox 769 2375 927 2426; x_wconf 66' lang='lat' dir='ltr'>litteris,</span> <span class='ocrx_word' id='word_1_285' title='bbox 956 2372 1095 2415; x_wconf 87' lang='lat' dir='ltr'>verbo.</span> <span class='ocrx_word' id='word_1_286' title='bbox 1125 2371 1186 2414; x_wconf 79' lang='lat' dir='ltr'>vel</span> <span class='ocrx_word' id='word_1_287' title='bbox 1212 2371 1365 2423; x_wconf 66' lang='lat' dir='ltr'>osculQ</span> <span class='ocrx_word' id='word_1_288' title='bbox 1401 2383 1470 2412; x_wconf 88' lang='lat' dir='ltr'>sen</span> <span class='ocrx_word' id='word_1_289' title='bbox 1507 2368 1587 2411; x_wconf 90' lang='lat' dir='ltr'>alio</span> <span class='ocrx_word' id='word_1_290' title='bbox 1610 2369 1759 2424; x_wconf 84' lang='lat' dir='ltr'>quovis</span> 
     </span>
     <span class='ocr_line' id='line_1_36' title="bbox 129 2436 1758 2505; baseline -0.009 -13"><span class='ocrx_word' id='word_1_291' title='bbox 129 2450 273 2493; x_wconf 87' lang='lat' dir='ltr'>modo:</span> <span class='ocrx_word' id='word_1_292' title='bbox 311 2451 442 2505; x_wconf 88' lang='lat' dir='ltr'>ipsum</span> <span class='ocrx_word' id='word_1_293' title='bbox 480 2460 551 2503; x_wconf 92' lang='lat' dir='ltr'>per</span> <span class='ocrx_word' id='word_1_294' title='bbox 576 2446 652 2489; x_wconf 92' lang='grc'><strong>1106</strong></span> <span class='ocrx_word' id='word_1_295' title='bbox 686 2445 904 2489; x_wconf 83' lang='lat' dir='ltr'>absolvere</span> <span class='ocrx_word' id='word_1_296' title='bbox 930 2443 1038 2486; x_wconf 88' lang='lat' dir='ltr'>nulla</span> <span class='ocrx_word' id='word_1_297' title='bbox 1066 2444 1223 2485; x_wconf 88' lang='lat' dir='ltr'>ratione</span> <span class='ocrx_word' id='word_1_298' title='bbox 1245 2445 1452 2493; x_wconf 83' lang='lat' dir='ltr'>censetur,</span> <span class='ocrx_word' id='word_1_299' title='bbox 1476 2441 1551 2481; x_wconf 88' lang='lat' dir='ltr'>nisi</span> <span class='ocrx_word' id='word_1_300' title='bbox 1586 2451 1628 2481; x_wconf 89' lang='lat' dir='ltr'>se</span> <span class='ocrx_word' id='word_1_301' title='bbox 1656 2436 1758 2480; x_wconf 90' lang='lat' dir='ltr'>velle</span> 
     </span>
     <span class='ocr_line' id='line_1_37' title="bbox 129 2509 1759 2575; baseline -0.01 -11"><span class='ocrx_word' id='word_1_302' title='bbox 129 2522 295 2564; x_wconf 84' lang='lat' dir='ltr'>forsitan</span> <span class='ocrx_word' id='word_1_303' title='bbox 345 2521 551 2575; x_wconf 89' lang='lat' dir='ltr'>exprimat</span> <span class='ocrx_word' id='word_1_304' title='bbox 596 2517 709 2560; x_wconf 90' lang='lat' dir='ltr'>illum</span> <span class='ocrx_word' id='word_1_305' title='bbox 755 2530 803 2559; x_wconf 84' lang='lat' dir='ltr'>ex</span> <span class='ocrx_word' id='word_1_306' title='bbox 849 2515 923 2558; x_wconf 86' lang='grc'><strong>1106</strong></span> <span class='ocrx_word' id='word_1_307' title='bbox 961 2528 1031 2570; x_wconf 91' lang='lat' dir='ltr'>pro</span> <span class='ocrx_word' id='word_1_308' title='bbox 1065 2512 1253 2556; x_wconf 88' lang='lat' dir='ltr'>absoluto</span> <span class='ocrx_word' id='word_1_309' title='bbox 1296 2511 1496 2554; x_wconf 78' lang='lat' dir='ltr'>haberi».</span> <span class='ocrx_word' id='word_1_310' title='bbox 1532 2509 1661 2551; x_wconf 87' lang='grc'><strong>131310</strong></span> <span class='ocrx_word' id='word_1_311' title='bbox 1703 2509 1759 2549; x_wconf 89' lang='lat' dir='ltr'>ait</span> 
     </span>
     <span class='ocr_line' id='line_1_38' title="bbox 127 2578 1756 2639; baseline -0.009 -5"><span class='ocrx_word' id='word_1_312' title='bbox 127 2591 321 2636; x_wconf 84' lang='lat' dir='ltr'>Clemens</span> <span class='ocrx_word' id='word_1_313' title='bbox 355 2589 445 2632; x_wconf 80' lang='lat' dir='ltr'>Xlll</span> <span class='ocrx_word' id='word_1_314' title='bbox 481 2591 518 2630; x_wconf 91' lang='lat' dir='ltr'>in</span> <span class='ocrx_word' id='word_1_315' title='bbox 554 2592 683 2631; x_wconf 86' lang='lat' dir='ltr'>const.</span> <span class='ocrx_word' id='word_1_316' title='bbox 729 2585 1064 2629; x_wconf 80' lang='lat' dir='ltr'>«lnexhaustum</span> <span class='ocrx_word' id='word_1_317' title='bbox 1087 2581 1131 2623; x_wconf 76' lang='grc'>)&gt;2</span> <span class='ocrx_word' id='word_1_318' title='bbox 1163 2583 1190 2639; x_wconf 61' lang='lat'>3*</span> <span class='ocrx_word' id='word_1_319' title='bbox 1225 2582 1269 2623; x_wconf 72' lang='lat'>5:</span> <span class='ocrx_word' id='word_1_320' title='bbox 1311 2582 1409 2623; x_wconf 81' lang='lat' dir='ltr'>«Ac</span> <span class='ocrx_word' id='word_1_321' title='bbox 1445 2580 1644 2631; x_wconf 76' lang='lat' dir='ltr'>itidem...‚</span> <span class='ocrx_word' id='word_1_322' title='bbox 1689 2578 1756 2620; x_wconf 84' lang='lat' dir='ltr'>de-</span> 
     </span>
     <span class='ocr_line' id='line_1_39' title="bbox 129 2652 1759 2715; baseline -0.01 -9"><span class='ocrx_word' id='word_1_323' title='bbox 129 2662 337 2706; x_wconf 86' lang='lat' dir='ltr'>claramus</span> <span class='ocrx_word' id='word_1_324' title='bbox 370 2663 492 2703; x_wconf 87' lang='lat' dir='ltr'>etiam</span> <span class='ocrx_word' id='word_1_325' title='bbox 530 2673 601 2715; x_wconf 91' lang='lat' dir='ltr'>per</span> <span class='ocrx_word' id='word_1_326' title='bbox 636 2657 982 2709; x_wconf 72' lang='lat' dir='ltr'>benedictionem,</span> <span class='ocrx_word' id='word_1_327' title='bbox 1014 2653 1249 2709; x_wconf 82' lang='lat' dir='ltr'>Apostolica</span> <span class='ocrx_word' id='word_1_328' title='bbox 1273 2653 1531 2705; x_wconf 81' lang='lat' dir='ltr'>auctoritate,</span> <span class='ocrx_word' id='word_1_329' title='bbox 1565 2652 1653 2692; x_wconf 89' lang='lat' dir='ltr'>sive</span> <span class='ocrx_word' id='word_1_330' title='bbox 1688 2661 1759 2703; x_wconf 90' lang='lat' dir='ltr'>per</span> 
     </span>
     <span class='ocr_line' id='line_1_40' title="bbox 132 2720 1757 2790; baseline -0.01 -15"><span class='ocrx_word' id='word_1_331' title='bbox 132 2736 282 2790; x_wconf 86' lang='lat' dir='ltr'>ipsos...</span> <span class='ocrx_word' id='word_1_332' title='bbox 317 2731 556 2788; x_wconf 63' lang='lat' dir='ltr'>Episctipos,</span> <span class='ocrx_word' id='word_1_333' title='bbox 590 2732 679 2772; x_wconf 90' lang='lat' dir='ltr'>sive</span> <span class='ocrx_word' id='word_1_334' title='bbox 714 2741 785 2783; x_wconf 90' lang='lat' dir='ltr'>per</span> <span class='ocrx_word' id='word_1_335' title='bbox 818 2726 1045 2782; x_wconf 80' lang='lat' dir='ltr'>Regulares</span> <span class='ocrx_word' id='word_1_336' title='bbox 1078 2722 1296 2781; x_wconf 77' lang='lat' dir='ltr'>quoslibet,</span> <span class='ocrx_word' id='word_1_337' title='bbox 1331 2727 1373 2765; x_wconf 90' lang='lat' dir='ltr'>ut</span> <span class='ocrx_word' id='word_1_338' title='bbox 1422 2721 1651 2778; x_wconf 78' lang='lat' dir='ltr'>praefertur</span> <span class='ocrx_word' id='word_1_339' title='bbox 1685 2720 1757 2760; x_wconf 88' lang='lat' dir='ltr'>im-</span> 
     </span>
    </p>
   </div>
   <div class='ocr_carea' id='block_1_6' title="bbox 250 2874 1500 2924">
    <p class='ocr_par' dir='ltr' id='par_1_8' title="bbox 250 2874 1500 2924">
     <span class='ocr_line' id='line_1_41' title="bbox 250 2874 1500 2924; baseline -0.009 -6"><span class='ocrx_word' id='word_1_340' title='bbox 250 2886 261 2907; x_wconf 71' lang='grc'><strong>1</strong></span> <span class='ocrx_word' id='word_1_341' title='bbox 292 2886 333 2917; x_wconf 78' lang='grc'>16</span> <span class='ocrx_word' id='word_1_342' title='bbox 361 2883 477 2917; x_wconf 77' lang='lat' dir='ltr'>Mart.</span> <span class='ocrx_word' id='word_1_343' title='bbox 508 2882 616 2917; x_wconf 69' lang='lat'><strong>1666.</strong></span> <span class='ocrx_word' id='word_1_344' title='bbox 642 2880 870 2924; x_wconf 82' lang='lat' dir='ltr'>Denzinger</span> <span class='ocrx_word' id='word_1_345' title='bbox 897 2890 934 2911; x_wconf 87' lang='lat' dir='ltr'>n.</span> <span class='ocrx_word' id='word_1_346' title='bbox 966 2878 1069 2910; x_wconf 80' lang='lat'>1144.</span> <span class='ocrx_word' id='word_1_347' title='bbox 1099 2897 1143 2901; x_wconf 84' lang='lat'>—-</span> <span class='ocrx_word' id='word_1_348' title='bbox 1170 2876 1183 2897; x_wconf 69' lang='lat'>2</span> <span class='ocrx_word' id='word_1_349' title='bbox 1209 2877 1230 2909; x_wconf 74' lang='lat'><strong>3</strong></span> <span class='ocrx_word' id='word_1_350' title='bbox 1258 2874 1364 2919; x_wconf 74' lang='lat' dir='ltr'>Sept.</span> <span class='ocrx_word' id='word_1_351' title='bbox 1397 2874 1500 2908; x_wconf 74' lang='lat'>1762.</span> 
     </span>
    </p>
   </div>
  </div>
 </body>
</html>
