1981 3182
131 156 225 192 Can.
251 156 456 193 2382-2384
505 158 588 193 Tir.
619 159 745 193 XVII.
776 181 787 185 -
814 161 871 195 De
895 163 968 197 del.
990 174 1019 197 c.
1042 165 1154 208 obliy.
1174 168 1264 199 stat.
1286 167 1374 200 cler.
1684 169 1755 203 299

132 277 363 335 ceterisque
393 276 516 336 festis
539 279 590 322 (le
622 292 701 335 qua
726 279 977 336 obligatione
1002 282 1117 324 adest
1151 296 1224 326 can
1264 284 1372 327 1344
1401 285 1427 335 ²,
1453 285 1493 342 e)
1527 287 1759 330 custodiam

132 347 165 390 1⁰
198 347 398 391 ecclesiae
427 348 686 406 paraecialis
721 352 758 392 in
803 363 892 393 can.
921 351 1032 394 1178
1058 351 1071 372 ²
1107 357 1419 410 praescriptam,
1458 356 1508 398 110
1543 358 1760 400 sanctissi-

131 432 224 461 mae
254 417 572 473 Eucharistiae,
605 425 725 471 prout
769 420 833 464 illa
869 426 929 464 est
972 426 1120 465 statuta
1167 426 1205 466 in
1240 424 1317 469 Tit.
1356 440 1376 466 <c
1401 425 1457 469 De
1492 427 1676 470 custodia
1722 432 1759 471 et

130 488 242 532 cultu
275 492 560 533 sanctissimae
584 482 869 535 Eucharistiae
892 508 914 532 »
953 491 1039 542 XV,
1067 493 1173 536 Libri
1200 494 1248 537 111
1270 514 1278 542 2
1316 495 1385 538 111o
1409 510 1627 540 sacrorum
1650 497 1758 541 oleo-

128 573 224 603 rum
255 560 307 604 de
340 560 490 618 quibus
523 562 806 605 custodiendis
838 568 959 606 cavet
992 576 1081 608 can.
1118 565 1201 607 735
1227 566 1270 610 3:
1306 569 1443 624 itaque
1486 569 1597 611 circa
1642 582 1758 625 prae-

129 631 285 675 dictum
321 634 359 674 in
393 635 562 675 canonis
597 635 710 675 initio
747 646 1083 691 unamquamque
1117 649 1165 678 ex
1204 638 1395 692 praefatis
1438 638 1758 695 obligationibus

129 705 314 759 graviter
348 703 641 760 negligentem,
677 705 831 746 iussum
856 709 937 748 est:
974 703 1023 746 ab
1052 704 1284 749 Ordinario
1310 714 1553 751 coerceatur
1585 708 1640 752 acl
1662 723 1758 752 nor-

130 787 239 816 mam
272 788 362 816 ean.
382 775 685 824 else-218&
715 774 901 818 scilicet:
936 775 1013 818 sub
1036 775 1111 820 Tit.
1140 776 1304 831 xxxii,
1339 777 1425 821 Lib.
1460 778 1509 821 lt
1537 782 1755 836 inscripto:

133 844 237 888 «De
271 846 392 888 modo
428 845 678 902 procedendi
723 850 865 888 contra
901 846 1126 902 parochum
1154 850 1190 890 in
1226 849 1503 905 adimplendis
1547 853 1755 906 paroecia-

131 913 237 958 libus
270 916 417 959 otliciis
451 915 788 972 negligentem».

249 987 346 1029 226.
381 989 633 1033 Adversus
666 989 978 1044 negligentes
1011 991 1141 1035 circa
1174 993 1482 1047 paroeciales
1510 993 1678 1037 libros.
1702 1017 1757 1023 —

127 1058 235 1102 Talis
270 1071 485 1114 processus
510 1071 586 1100 non
614 1061 837 1111 invenitur,
863 1072 935 1102 nec
959 1059 1138 1117 aliquem
1164 1060 1363 1105 adhibere
1387 1067 1545 1118 oportet
1571 1065 1607 1104 in
1631 1063 1758 1105 adim-

130 1129 336 1186 plemento
370 1135 476 1171 ean.S
508 1131 646 1172 2383.
686 1128 897 1172 Parnelzns
930 1130 1000 1188 qni
1046 1131 1310 1188 paroeciales
1343 1131 1483 1183 libros²
1517 1133 1568 1176 de
1606 1133 1756 1190 quibus

128 1203 212 1257 agit
244 1199 382 1245 Codex
419 1202 456 1243 in
491 1213 582 1243 can.
616 1200 714 1249 470,
749 1200 990 1257 di'li'yeiilei‘,
1041 1201 1096 1244 acl
1130 1216 1319 1245 normam
1368 1203 1477 1246 iaris
1510 1206 1549 1246 in
1585 1203 1652 1247 illo
1695 1218 1758 1247 ca-

128 1284 233 1315 none
266 1273 511 1328 expositam,
545 1272 587 1329 a)
620 1286 699 1314 non
735 1272 1048 1329 conscripserit,
1076 1272 1118 1329 h)
1152 1279 1225 1315 ant
1248 1274 1494 1327 servaverit,
1526 1288 1551 1317 a
1581 1275 1756 1332 proprio

131 1340 364 1385 Ordinario
400 1345 630 1398 paroeciae,
655 1355 702 1385 ac
735 1345 765 1384 si
793 1342 998 1398 parochus
1021 1348 1079 1385 est
1117 1343 1345 1399 religiosus.
1370 1347 1492 1387 etiam
1527 1357 1548 1388 a
1582 1359 1657 1387 suo
1682 1346 1754 1389 Su-

129 1414 290 1469 periore
325 1415 479 1456 maiore
515 1412 727 1469 religionis
759 1413 964 1457 clericalis
999 1419 1230 1470 exemptae.
1262 1428 1341 1471 pro
1371 1415 1586 1471 grat-itate
1610 1415 1758 1473 calpae

124 1483 332 1540 puniatur
367 1496 495 1539 poena
521 1485 609 1537 iure
643 1484 974 1550 indeterminata,
999 1484 1069 1527 sed
1097 1487 1374 1541 praeceptivis
1401 1485 1537 1529 verbis
1561 1488 1755 1539 iniuncta,

127 1559 167 1597 et
198 1566 305 1612 quae
340 1557 376 1597 in
413 1556 674 1611 poenitentiis
707 1567 754 1598 ac
790 1556 984 1598 remediis
1018 1555 1260 1612 poenalibus
1292 1558 1438 1599 sistere
1473 1562 1617 1613 potest,
1651 1570 1756 1615 quae

127 1624 204 1668 sub
237 1624 311 1668 Tit.
347 1624 382 1668 X
419 1625 526 1669 Libri
565 1624 594 1667 V
629 1626 904 1682 explicantur.

248 1696 343 1740 227.
367 1698 551 1743 Contra
569 1699 880 1754 negligentes
904 1700 1170 1744 canonicos
1192 1701 1370 1744 theol.¹n
1391 1703 1439 1744 et
1463 1701 1757 1756 poenitente

125 1792 182 1798 —
219 1765 318 1811 Can.
352 1769 492 1811 2384.
532 1767 784 1811 Canonieum
823 1767 1057 1823 tlieoloqnm
1091 1775 1129 1811 et
1168 1770 1545 1826 poenitentiariicm
1594 1770 1634 1811 in
1670 1770 1758 1813 suis

126 1838 368 1881 vianet-ibas
401 1837 601 1882 obeundis
624 1841 759 1895 (prout
796 1839 896 1882 haec
929 1844 1023 1882 sunt
1058 1839 1261 1896 explicata
1298 1843 1335 1883 in
1371 1854 1459 1883 can.
1497 1841 1579 1883 400
1610 1841 1660 1884 de
1694 1854 1754 1884 ca-

128 1912 275 1953 nonico
308 1909 501 1966 theologo
534 1915 571 1953 et
608 1912 644 1952 in
680 1923 769 1954 cau.
810 1910 883 1952 101
924 1917 947 1964 ᾗ
982 1911 1005 1953 ’2
1040 1911 1090 1954 de
1126 1911 1460 1968 poenitentiario)
1498 1911 1757 1969 neyliyentes

126 1979 320 2038 equidem
356 1980 613 2034 notabiliter,
663 1980 896 2038 Episcopus
927 1981 1143 2037 minamini.
1193 1981 1414 2040 compellat
1459 1982 1754 2039 negligentiam

127 2054 324 2094 excutere
359 2050 390 2093 1Ο
425 2051 723 2094 monitionibus
774 2051 823 2094 w
857 2052 1182 2094 comminatione
1219 2066 1452 2109 poenarum
1489 2052 1558 2095 111⁰
1591 2052 1756 2095 subtra-

245 2157 256 2178 1
285 2156 376 2190 Can.
406 2157 508 2191 1344.
538 2160 557 2198 ξ
586 2159 614 2190 1.
631 2157 780 2191 Diebus
807 2157 1014 2191 dominicis
1041 2158 1259 2202 ceterisque
1286 2169 1352 2202 per
1386 2169 1533 2191 annum
1561 2157 1674 2192 festis
1710 2158 1755 2192 de

126 2209 331 2248 praecepto
357 2204 560 2248 proprium
579 2206 768 2250 cuiusque
789 2205 945 2249 parochi
965 2205 1138 2238 officium
1164 2212 1239 2240 est.
1261 2210 1449 2239 consueta
1466 2205 1631 2239 homilia
1649 2217 1754 2250 prae-

126 2251 262 2284 sertim
290 2251 396 2285 intra
420 2251 579 2285 missam
608 2253 648 2286 in
675 2264 751 2297 qua
777 2253 900 2286 maior
926 2253 1049 2286 soleat
1069 2263 1152 2286 esse
1178 2252 1563 2297 populitrequentia,
1594 2253 1757 2287 verbum

127 2298 201 2331 Dei
228 2299 370 2343 populo
397 2299 596 2333 nuntiare.

245 2349 264 2387 ξ
290 2347 322 2382 2.
350 2345 548 2380 Pax-ochus
576 2346 667 2380 huic
693 2347 929 2391 obligationi
957 2347 1096 2391 nequit
1122 2358 1189 2390 per
1207 2347 1329 2380 alium
1357 2346 1618 2381 habitualiter
1645 2348 1757 2381 satis-

124 2392 263 2436 facere,
293 2394 369 2428 nisi
396 2393 443 2427 ob
472 2394 616 2427 iustam
644 2406 798 2428 causam
826 2394 872 2428 ab
901 2394 1108 2428 Ordinario
1136 2394 1352 2438 probatam.

244 2443 262 2482 ξ
288 2440 322 2476 3.
351 2443 486 2475 Potest
513 2441 745 2475 Ordinarius
772 2443 1001 2486 permittere
1028 2446 1073 2475 ut
1101 2442 1420 2476 sollemnioribus
1447 2441 1679 2486 quibusdam
1706 2440 1756 2475 fe-

125 2487 199 2521 stis
224 2494 294 2521 aut
320 2489 453 2532 etiam,
482 2500 530 2522 ex
559 2489 663 2523 iusta
691 2500 821 2530 causa,
843 2490 1043 2534 aliquibus
1070 2488 1208 2523 diebus
1235 2489 1443 2523 dominicis
1470 2489 1606 2523 concio
1644 2489 1755 2522 omit-

128 2540 257 2604 tatur-'2
284 2581 377 2616 Can.
409 2583 510 2617 1178.
539 2583 688 2617 Curent
715 2595 849 2617 omnes
875 2584 922 2617 ad
958 2595 1054 2629 quos
1089 2584 1277 2629 pertinet,
1318 2588 1364 2617 ut
1402 2583 1440 2616 in
1480 2583 1655 2618 ecclesiis
1690 2583 1759 2617 illa

126 2628 327 2663 munditia
353 2636 546 2671 servetur,
587 2642 684 2675 quae
712 2630 869 2665 domum
896 2631 969 2665 Dei
997 2631 1129 2672 decet;
1158 2631 1205 2665 ab
1234 2631 1373 2665 iisdem
1408 2635 1615 2664 arceantur
1641 2642 1757 2675 nego-

127 2675 316 2710 tiationes
342 2682 381 2711 et
407 2677 623 2715 nundinae.
652 2690 885 2723 quamquam
912 2678 959 2712 ad
985 2678 1103 2713 finem
1129 2679 1238 2723 pium
1265 2678 1450 2722 habitae3
1480 2683 1519 2712 et
1538 2678 1757 2723 generatim

127 2722 318 2768 quidquid
343 2736 365 2758 a
391 2725 604 2759 sanctitate
633 2725 709 2759 loci
736 2725 927 2759 absonum
954 2726 1020 2760 sit.

245 2771 259 2792 3
285 2771 379 2806 Can.
408 2772 490 2807 735.
518 2772 716 2806 Par-ochus
747 2773 831 2806 olea
865 2785 973 2807 sacra
1006 2785 1027 2807 a
1062 2785 1132 2807 suo
1160 2772 1368 2807 Ordinario
1401 2778 1532 2817 petere
1568 2772 1683 2806 debet
1718 2776 1757 2805 et

128 2818 168 2851 in
196 2817 370 2852 Ecclesia
396 2820 436 2852 in
471 2825 561 2853 tuta
586 2832 629 2853 ac
655 2820 810 2854 decenti
838 2820 1017 2854 custodia
1043 2821 1115 2854 sub
1154 2821 1256 2855 clavi
1283 2820 1497 2865 diligenter
1532 2830 1755 2862 asservare;

127 2876 198 2898 nec
223 2876 268 2899 ea
294 2865 397 2900 domi
436 2867 622 2908 retineat,
651 2867 730 2901 nisi
765 2873 923 2912 propter
960 2868 1239 2902 necessitatem
1277 2868 1445 2902 aliamve
1484 2867 1757 2900 rationabilem

127 2924 297 2956 causam,
326 2914 536 2948 accedente
565 2914 765 2949 Ordinarii
793 2914 966 2951 licentia.
