1981 3182
6 1484 9 1499 ι

0 1503 10 1542 p

129 136 222 172 Can.
247 136 451 171 2312-2313
531 136 616 173 ΤΙΤ,
639 135 686 171 X.
707 156 726 164 <—
751 135 808 170 De
834 133 1013 169 remediis
1035 135 1263 178 poenalibus
1288 137 1355 169 etc.
1680 132 1748 166 195

131 258 211 299 sint.
244 255 319 298 hae
355 255 624 308 minuendae;
659 259 838 297 attamen
869 253 1060 311 pensatis
1092 255 1214 295 eliam
1250 238 1754 310 qualitatibuspersona-

131 339 222 368 rum
256 331 294 367 et
327 325 574 368 delictorum
613 323 838 379 adiunctis,
862 335 968 380 quae
999 322 1119 365 simul
1146 326 1357 379 requirent
1388 323 1449 365 vel
1483 327 1749 379 augmentum

136 395 193 439 vel
227 395 559 449 diminutionem,
593 395 842 452 quandoque
885 398 1021 436 autem
1057 395 1309 436 contrarium
1356 394 1555 435 intluxum
1593 395 1630 435 in
1675 392 1752 436 hoc

131 467 353 510 conferent.
389 466 505 520 Quae
540 465 680 521 regula
716 467 794 507 iam
830 464 976 506 tradita
1013 464 1143 505 suerat
1177 462 1228 506 ab
1261 463 1398 507 innoc.
1435 462 1482 505 lV
1517 463 1751 506 Livoniensi

132 536 348 593 Episcopo,
383 536 548 593 quando
582 536 704 578 dixit:
732 536 743 556 ¹
784 532 1019 577 «Ceterum
1053 546 1145 576 cum
1183 536 1430 589 poenitentia
1465 547 1542 575 non
1579 538 1659 576 tam
1694 546 1753 576 se-

132 606 312 650 cundum
348 608 622 663 quantitatem
655 618 859 655 excessus
894 616 1017 661 qnam
1058 606 1303 660 poenitentis
1345 606 1647 657 contritionem,
1682 616 1754 659 per

132 678 297 720 discreti
331 678 558 720 sacerdotis
591 677 808 720 arbitrium
843 678 893 719 sit
929 675 1196 727 moderanda,
1232 679 1398 730 pensata
1432 674 1628 731 quiditate
1663 687 1752 730 per-

131 761 269 800 sonae,
303 761 428 804 super
451 749 736 800 fornicatione,
760 746 977 798 adulterio,
1011 745 1249 798 homicidio,
1275 747 1455 800 periurio
1489 750 1527 787 et
1559 744 1649 787 aliis
1681 747 1756 787 cri-

134 818 314 862 minibus
347 819 617 862 consideratis
648 819 971 861 circumstantiis
993 815 1198 869 omnibus,
1232 820 1272 858 et
1306 818 1546 872 praesertim
1573 817 1755 858 novitate

134 890 344 933 Livonien.
379 889 601 944 Ecclesiae,
629 892 930 944 competentem
962 889 1252 943 poenitentiam
1278 885 1756 942 delinquentibusimpo-

134 964 250 1014 natis,
287 966 406 1017 prout
438 960 558 1003 saluti
593 973 735 1002 eorum
773 958 960 1001 videritis
993 958 1191 1014 expedire
1215 973 1254 1000 )).

252 1032 350 1075 148.
388 1033 803 1078 Poenitentiarum
828 1031 1172 1075 canonicarum
1197 1030 1430 1074 elenchus
1454 1041 1531 1070 non
1561 1032 1620 1070 est
1643 1040 1753 1070 com-

135 1103 280 1160 pletus,
316 1105 410 1160 quia
444 1105 503 1145 sic
537 1104 678 1158 incipit
711 1115 802 1143 caii.
835 1102 968 1143 2313.
1003 1102 1026 1153 g
1061 1103 1095 1142 1.
1132 1098 1391 1156 Praecipuae
1438 1101 1475 1141 in
1512 1100 1627 1155 praxi
1659 1111 1754 1155 poe-

134 1174 339 1217 nitentiae
372 1176 482 1216 iuxta
517 1174 663 1229 capitis
697 1177 880 1215 tenorem
916 1176 1012 1213 sunt
1043 1175 1269 1227 praecepta
1302 1184 1350 1213 ex
1388 1170 1524 1224 modo,
1549 1183 1629 1226 quo
1663 1169 1756 1211 illae

135 1248 417 1301 imponuntur,
450 1243 724 1300 obligatorio:
761 1269 812 1272 —
848 1242 895 1285 1⁴⁰
931 1240 1153 1284 Recitamli
1186 1240 1489 1283 determinatas
1524 1254 1595 1296 per
1627 1241 1754 1296 Supe-

136 1318 284 1359 riorem
317 1328 473 1372 preces,
513 1328 548 1355 v.
574 1328 634 1371 gr.
671 1313 861 1370 psalmos,
895 1315 1115 1364 orationes,
1139 1316 1244 1356 etc.;
1274 1338 1322 1342 —
1348 1311 1396 1354 2⁰
1423 1310 1659 1367 Peraqemli
1683 1312 1756 1353 t‘or-

135 1388 253 1429 tassis
287 1385 460 1442 pedibus
493 1384 533 1441 a)
564 1384 681 1442 piam
714 1383 766 1428 ob
798 1397 967 1440 scopum
1003 1382 1191 1439 aliquam
1221 1382 1620 1439 pereqriiiatioiiem,
1660 1384 1753 1425 visi-

136 1456 259 1500 tando
283 1456 503 1513 quamdam
525 1455 757 1509 ecclesiam,
776 1456 1071 1509 sanctuarium,
1093 1455 1331 1510 imaginem,
1354 1452 1416 1495 vel
1444 1469 1465 1493 α
1488 1453 1711 1510 peragendi
1735 1469 1750 1493 »

137 1526 227 1570 alia
257 1526 431 1584 pietatis
464 1539 607 1584 opera,
639 1539 787 1582 nempe
820 1525 975 1579 cultum
1012 1524 1082 1567 Dei
1118 1529 1156 1567 et
1188 1524 1432 1567 Sanctorum
1467 1526 1755 1580 respicientia3

139 1623 190 1628 —
220 1597 270 1641 3⁰
303 1596 506 1641 Servanda·
550 1596 768 1655 peculiare
810 1597 941 1641 idest:
982 1596 1086 1639 ultra
1138 1598 1390 1652 praescripta
1436 1596 1666 1649 ieiunium,
1703 1620 1754 1627 «-

136 1669 183 1711 4⁰
201 1667 433 1725 Eroqaria'o
452 1667 736 1725 eleemosynas
756 1670 967 1724 pecuniae,
991 1669 1181 1721 vestium,
1206 1672 1282 1710 etc.
1307 1667 1347 1709 in
1362 1666 1458 1724 pios
1477 1680 1588 1721 usus,
1609 1680 1757 1722 nempe

134 1742 317 1783 caritatis
364 1752 460 1795 erga
497 1752 699 1795 pauperes
749 1738 812 1782 vel
845 1739 974 1781 divini
1009 1737 1171 1791 cultus3
1208 1764 1259 1768 -
1294 1737 1343 1780 5⁰
1379 1736 1613 1795 Peraqeiicli
1645 1751 1756 1780 exer-

134 1809 235 1852 citia
267 1808 517 1867 spiritualia
568 1811 731 1866 proprie
764 1809 888 1863 dicta,
922 1813 1041 1865 prout
1074 1808 1125 1852 ab
1158 1810 1366 1851 exercitiis
1398 1808 1434 1851 S.
1470 1808 1616 1865 Ignatii
1656 1808 1756 1851 haec

133 1881 412 1924 denominatio
446 1880 676 1934 derivatur,
708 1880 752 1923 in
782 1880 856 1938 pia
898 1884 1063 1936 propter
1085 1881 1173 1922 eius
1196 1880 1318 1922 tinem
1346 1879 1555 1936 religionis
1590 1880 1653 1923 vel
1691 1893 1757 1923 ca·

136 1954 266 1994 ritatis
297 1956 373 1994 aut
404 1951 606 2009 religiosa
650 1950 769 1994 darno
803 1964 978 2008 nempe:
1023 1951 1198 1994 alicuius
1232 1951 1456 2007 religionis,
1487 1964 1564 2008 per
1596 1950 1758 2008 aliquot

134 2022 239 2076 (lies,
269 2035 447 2079 qnorum
483 2022 601 2066 limes
635 2023 804 2066 interior
851 2027 945 2066 sunt
977 2022 1059 2065 duo
1108 2024 1219 2065 iuxta
1255 2035 1339 2078 reg.
1376 2022 1477 2066 iuris
1510 2022 1564 2065 40
1610 2024 1646 2065 in
1684 2022 1754 2067 6⁰:

139 2110 161 2135 «
186 2093 360 2137 Pluralis
392 2092 542 2137 locutio
575 2093 751 2137 duorum
786 2106 959 2137 numero
993 2098 1051 2136 est
1086 2098 1341 2147 contenta»,
1365 2093 1434 2136 sed
1472 2092 1653 2149 protrahi
1690 2107 1757 2150 po-

135 2170 212 2209 test
245 2167 283 2208 in
318 2169 414 2216 tres,
447 2169 553 2218 octo,
586 2164 729 2208 decem
767 2164 831 2208 rel
868 2177 1065 2208 mensem.

257 2234 443 2280 Vidimus
466 2238 505 2278 in
525 2234 796 2279 Instructione
819 2237 941 2279 citata
974 2237 1265 2278 connumerari
1300 2237 1498 2279 exercitia
1529 2236 1757 2292 spiritualia

135 2307 331 2351 remediis
364 2308 660 2363 praeventivis,
681 2308 799 2350 cuius
822 2319 900 2349 non
927 2308 1146 2349 immemor
1178 2306 1302 2349 fuisse
1335 2305 1557 2362 legislator,
1582 2307 1760 2350 ostendit

135 2380 160 2432 ἓ
181 2380 224 2421 ’2.
247 2376 533 2421 Poenitentias
555 2376 761 2435 quaslibet
783 2377 1042 2433 supradictas
1065 2379 1103 2420 in
1128 2379 1152 2430 ἓ
1176 2377 1221 2419 1²
1248 2375 1507 2420 Ordiiiarius
1530 2376 1638 2432 (can.
1660 2377 1756 2432 198,

134 2451 159 2502 ἓ
192 2449 234 2503 1)
264 2462 343 2506 pro
375 2462 453 2492 sua
482 2447 714 2506 prudentia
747 2450 785 2491 in
821 2449 942 2491 finem
994 2448 1272 2491 remediorum
1325 2448 1558 2504 poenalium
1603 2447 1760 2491 addere

131 2524 283 2577 potest,
316 2532 394 2562 non
431 2521 508 2562 iam
544 2519 806 2571 substituere,
835 2518 1010 2577 poenali
1041 2517 1224 2561 remedio
1251 2531 1299 2561 ex
1335 2523 1513 2576 quatuor
1546 2521 1760 2562 recensitis

133 2590 210 2634 sub
232 2602 321 2634 can.
348 2590 460 2633 “2306
486 2590 770 2633 tantummodo
789 2590 1034 2633 monitionis
1057 2594 1095 2631 et
1118 2589 1412 2647 correptionis,
1429 2602 1522 2633 nam
1548 2592 1759 2645 expressio

136 2663 256 2704 unius
287 2665 348 2703 est
380 2660 564 2704 exclusio
597 2665 844 2704 ceterorum.

254 2813 265 2834 1
286 2812 377 2856 Cap.
391 2812 414 2846 8
434 2828 447 2841 «
464 2811 509 2846 de
528 2812 790 2857 poenitentiis
805 2816 845 2847 et
854 2812 1155 2847 remissionibus
1171 2828 1184 2843 ι
1197 2841 1204 2855 ,
1221 2813 1286 2850 tit.
1299 2813 1528 2856 XXXVIII,
1545 2813 1629 2849 Lib.
1644 2813 1689 2857 V,
1707 2812 1757 2847 X.
