1981 3182
176 115 246 149 216
547 116 631 149 Liss.
652 116 697 149 V.
719 137 731 141 -
753 117 862 151 PARS
880 117 952 151 III.
973 137 984 143 -
1004 118 1060 152 De
1072 121 1208 162 poenis
1227 121 1270 152 in
1287 119 1425 153 delicta
1476 119 1569 154 Can.
1595 120 1793 156 2325-2327
1967 0 1981 188 Ι

177 237 335 293 religio,
369 237 440 281 sed
475 239 569 295 quia
604 237 772 281 exhibet
804 238 959 282 cultum
1005 239 1194 282 divinum
1242 239 1303 282 vel
1348 242 1412 283 cui
1449 253 1526 282 non
1562 240 1699 291 debet,
1736 241 1798 284 vel

176 320 223 349 eo
259 307 380 350 modo
414 321 494 363 quo
528 321 605 350 non
642 307 762 350 debet
790 324 808 347 »
833 308 861 362 ¹,
885 311 1002 351 cuius
1035 309 1222 352 diversas
1244 311 1403 365 species
1428 309 1472 353 D.
1497 309 1673 353 Thomas
1705 324 1798 354 cum

175 377 213 421 S.
248 378 480 434 Augustino
513 379 743 434 assignat2,
768 378 830 421 i‘el
864 379 905 436 b)
939 379 1209 436 saerileyium
1244 381 1552 437 quodcumque,
1572 381 1799 436 personale,

177 448 318 502 locale,
355 448 477 503 reale,
510 449 579 492 sed
617 452 782 505 proprie
814 450 969 493 dictum
1001 450 1325 508 perpetraverit,
1362 450 1492 494 idest:
1532 464 1627 494 cum
1660 450 1799 495 delicti

175 519 389 580 elementis
425 519 645 562 violaverit
676 533 748 563 seu
785 521 952 578 indigne
987 524 1227 565 tractaverit
1261 535 1361 573 rem,
1388 522 1580 565 locumve
1613 527 1682 566 aut
1715 535 1801 578 per-

173 603 315 633 sonam
350 603 509 634 sacram
546 604 618 647 per
650 591 832 648 aliquam
878 595 1207 636 irreverentiam.
1247 593 1463 636 «Sacrum
1511 606 1608 636 vero
1650 593 1802 636 dicitur

174 659 328 718 aliquid
364 674 413 703 ex
449 674 496 704 eo
529 661 638 718 quod
674 662 723 705 ad
758 662 946 706 divinum
992 663 1147 706 cultum
1192 656 1452 706 ordinatur»
1476 662 1505 718 ³,
1544 668 1583 706 et
1626 665 1664 706 in
1709 676 1799 707 eam

174 730 413 787 qualitatem
439 737 499 774 est
522 732 738 789 dirigenda
765 734 870 776 sacto
905 736 1189 787 irreverentia,
1212 739 1251 776 ut
1275 733 1540 790 sacrilegium
1565 736 1617 777 sit
1642 747 1800 778 verum.

173 801 385 844 Alterutei·
424 804 549 859 igitur
592 803 851 860 delinquens,
886 809 926 847 ut
961 818 1099 860 supra,
1130 818 1208 862 pro
1239 804 1453 861 yrcwi'tate
1486 804 1634 862 culpae
1667 807 1801 861 requi-

173 875 249 915 sita
283 872 332 915 ub
370 872 603 917 Ordinatio
633 874 858 932 puniatur,
890 888 995 931 quae
1039 875 1221 919 clausula
1258 878 1295 918 in
1332 888 1468 931 praec.
1502 888 1591 919 can.
1626 876 1699 918 suit
1732 875 1801 918 de-

172 943 341 988 clarata.

293 1016 417 1059 Porro
452 1030 581 1074 poena
618 1018 720 1061 haec
752 1024 810 1061 est
850 1019 1256 1062 «indeterminata»
1286 1020 1393 1077 (can.
1430 1020 1556 1071 2217,
1590 1020 1617 1078 ξ
1652 1020 1689 1073 1,
1726 1020 1800 1077 1⁰),

172 1093 426 1144 quapropter
459 1089 647 1133 additur:
682 1089 812 1132 salvis
840 1090 989 1147 poenis
1022 1091 1213 1148 equidem
1242 1110 1256 1129 «
1284 1092 1613 1135 determinatis»
1637 1097 1677 1136 et
1710 1093 1802 1135 iure

174 1172 251 1200 non
286 1159 470 1216 quolibet
507 1162 649 1213 veteri,
672 1161 741 1204 sed
776 1160 939 1204 Codicis
971 1162 1158 1218 statutis,
1192 1165 1302 1219 quia,
1336 1165 1410 1206 etsi
1443 1163 1654 1207 sufficeret
1685 1168 1727 1206 ut
1762 1163 1804 1206 il-

174 1229 305 1272 larum
341 1232 379 1273 in
414 1230 565 1275 Codice
608 1232 677 1275 liat
722 1235 888 1283 mentio,
925 1236 1035 1276 iuxta
1069 1247 1159 1277 can.
1196 1235 1233 1288 ὅ,
1270 1233 1326 1286 50,
1361 1247 1439 1276 non
1475 1239 1533 1277 est
1572 1234 1800 1290 putandum

175 1314 247 1356 per
280 1301 516 1346 huiusmodi
553 1302 679 1346 verba
714 1304 967 1347 sufficienter
1001 1306 1105 1358 lieri,
1138 1318 1230 1347 cum
1266 1307 1317 1347 sit
1344 1310 1484 1348 contra
1518 1304 1681 1349 Codicis
1712 1319 1801 1349 Sco-

176 1386 286 1428 pum,
312 1386 403 1416 nam
441 1373 593 1417 multae
626 1379 718 1417 sunt
753 1378 790 1418 in
827 1378 913 1419 iure
950 1378 1094 1430 veteri,
1124 1381 1163 1418 et
1186 1381 1354 1419 econtra
1388 1381 1561 1419 statutas
1585 1389 1674 1420 esse
1698 1390 1797 1419 non-

174 1443 306 1487 nullas
331 1447 368 1487 in
392 1444 543 1488 Codice
569 1450 675 1501 patet
701 1460 749 1488 ex
790 1446 927 1490 vei-bis
960 1452 1104 1489 contra
1139 1446 1305 1504 aliquos
1337 1452 1456 1490 actus
1483 1447 1799 1505 superstitiosos

177 1528 211 1556 Υ.
248 1529 308 1571 gr.
345 1518 382 1558 in
418 1528 508 1559 can.
544 1516 670 1569 2320,
707 1516 766 1559 vel
799 1516 1026 1573 saerileyia
1063 1531 1098 1560 v,
1135 1531 1195 1572 gr.
1229 1520 1267 1560 in
1301 1530 1390 1561 can.
1427 1517 1553 1562 2343.

293 1587 388 1629 165.
425 1588 616 1633 Delicta
649 1591 712 1633 ob
745 1590 901 1634 falsas
935 1591 1168 1646 reliquias
1203 1590 1316 1645 punit
1341 1589 1391 1632 de
1416 1602 1523 1632 novo
1548 1591 1799 1643 comesi-26,

171 1656 330 1701 sublata
350 1657 402 1701 ob
419 1658 629 1702 silentium
650 1659 813 1702 Codicis
835 1662 1264 1702 excommunicatione
1290 1660 1393 1703 latae
1415 1663 1656 1714 sententiae,
1676 1673 1798 1718 quam

173 1729 266 1772 Pius
302 1729 352 1771 tx
389 1732 426 1772 in
462 1735 589 1773 const.
620 1746 640 1770 ((
664 1730 832 1786 Aplcae.
867 1730 983 1774 Sedis
1006 1746 1027 1770 ))
1056 1730 1240 1773 Romano
1277 1730 1459 1774 Pontitici
1497 1733 1741 1785 reservavit,
1761 1735 1801 1774 et

171 1804 320 1842 statuta
355 1801 429 1842 t'uit
464 1804 630 1856 propter
664 1802 962 1844 extractionem
998 1800 1266 1858 reliquiarum
1303 1814 1350 1844 ex
1386 1803 1514 1844 sacris
1536 1800 1800 1845 Catacumbis

171 1869 293 1913 Urbis
326 1870 494 1913 Romae.
531 1869 627 1923 Qui,
653 1876 693 1914 ut
729 1873 767 1913 in
803 1884 938 1927 praec.
963 1884 1068 1923 cair,
1087 1870 1224 1928 falsas
1248 1871 1465 1928 reliquias,
1485 1885 1532 1915 eo
1557 1872 1665 1929 quod
1699 1871 1800 1915 tales

173 1941 288 1997 tingit
322 1953 402 1995 eas,
428 1954 499 1984 seu
534 1941 578 1996 a)
602 1941 777 1997 conficit,
802 1948 874 1984 au!
908 1942 1100 1996 sci'eiiter,
1124 1944 1314 1985 conscius
1347 1955 1494 1999 nempe
1528 1943 1578 1985 de
1612 1942 1798 1997 [alsitate,

174 2011 215 2068 b)
250 2011 390 2054 vendit
423 2014 555 2068 pretio
593 2012 653 2055 vel
689 2015 1025 2067 commutatione,
1061 2018 1097 2066 c)
1128 2011 1346 2055 distribuit
1378 2015 1520 2070 gratis,
1552 2012 1616 2056 vel
1647 2012 1691 2070 d)
1722 2027 1797 2071 pu-

171 2081 304 2125 blicae
337 2088 493 2126 tantum
529 2082 713 2138 fidelium
748 2084 1011 2127 venerationi·
1042 2083 1212 2142 exponit
1246 2083 1432 2138 ubilibet,
1450 2097 1528 2127 non
1556 2097 1652 2128 vero
1675 2086 1800 2128 sicas

170 2153 303 2196 solum
338 2154 586 2211 quibusdam
622 2155 813 2210 ostendit,
849 2155 937 2212 ipso
969 2154 1083 2212 sueto
1116 2154 1298 2212 quolibet
1331 2155 1408 2199 sub
1441 2160 1618 2213 quatuor
1655 2155 1800 2199 litteris

170 2225 639 2268 excommuni'eatioiiem
679 2225 912 2269 (ii-(linario
954 2226 1003 2269 ad
1049 2238 1233 2269 norinam
1281 2239 1371 2270 can.
1409 2227 1504 2279 198,
1537 2227 1565 2284 {i
1603 2230 1621 2270 ‘t
1664 2240 1799 2270 reser-

171 2300 308 2338 vatam
341 2295 566 2339 contrahit.

288 2367 383 2409 166.
421 2369 563 2414 Circa
605 2371 833 2415 delictum
874 2373 1110 2426 quaestus
1143 2383 1204 2415 ex
1238 2371 1554 2426 indulgentiis
1587 2382 1796 2413 commen-

168 2436 349 2480 tabimur
382 2440 631 2483 cciii.;>3?7.
656 2438 885 2492 Quaestum
917 2438 1134 2497 facientes,
1168 2439 1352 2483 seilicet:
1387 2439 1659 2497 temporalem
1693 2440 1797 2483 utili-

168 2512 291 2551 tatem
327 2511 526 2565 pecuniae
560 2510 821 2567 aliarumque
857 2523 994 2554 rerum
1030 2513 1276 2567 recipientes
1312 2513 1349 2554 in
1384 2512 1570 2554 favorem
1604 2513 1681 2565 sui,
1704 2524 1795 2554 suo-

170 2592 358 2636 rumque,
395 2585 478 2622 tum
527 2580 706 2624 familiae
751 2586 835 2624 tum
876 2583 1048 2624 instituti
1084 2580 1278 2637 religiosi,
1313 2586 1352 2624 et
1384 2580 1676 2638 indulgentiis,
1708 2583 1797 2624 sire

169 2650 461 2705 concedendis,
484 2653 573 2694 site
598 2651 858 2708 publicandis
881 2657 1052 2707 tantum,
1077 2654 1165 2696 sive
1188 2652 1569 2707 communicandis,
1603 2654 1700 2710 quin
1727 2665 1798 2708 pei·

172 2720 280 2764 hunc
313 2734 514 2765 canonem
550 2722 796 2779 reprobetur
834 2739 853 2763 «
877 2725 1110 2766 communis
1141 2722 1350 2766 Ecclesiae
1388 2723 1658 2779 consuetudo,
1691 2735 1796 2781 quae

290 2829 300 2849 1
327 2828 374 2861 D.
404 2827 475 2862 Th.
505 2827 613 2871 II-H,
643 2840 677 2872 q.
708 2828 831 2870 XCH,
860 2840 893 2862 a.
925 2831 957 2870 1,
986 2840 1006 2863 c
1047 2848 1088 2854 -
1117 2829 1130 2851 2
1156 2829 1264 2871 II-II,
1294 2834 1444 2873 quaest.
1482 2828 1604 2869 XCII,
1629 2839 1662 2862 a.
1691 2829 1724 2864 2.
1751 2848 1787 2854 -

170 2875 184 2896 3
210 2875 316 2916 II—II,
343 2887 378 2920 q.
407 2874 551 2918 XCIX,
580 2887 612 2909 a.
645 2878 675 2916 1,
702 2887 733 2909 c.
