1981 3182
229 145 298 179 316
601 146 684 178 Lm.
707 145 750 178 V.
770 166 781 170 -
802 145 912 179 PARS
933 146 1001 179 111.
1025 165 1036 170 —
1058 146 1111 179 De
1124 148 1261 190 poenis
1282 149 1323 180 in
1341 147 1481 180 delicta
1532 147 1624 182 Can.
1651 147 1856 182 2404-2406

232 266 439 309 fidelitatis·
472 268 612 308 curiae
646 265 939 311 dioecesanae:
975 264 1210 308 observatio
1244 270 1433 308 taxarum
1469 280 1517 308 ex
1555 270 1668 321 parte
1705 267 1858 310 officia-

232 337 329 380 lium
367 341 406 379 et
441 335 714 392 parochorum
752 340 923 391 urgetur
957 337 993 378 in
1029 348 1117 378 can.
1161 336 1286 389 (2408,
1334 334 1542 379 Vicarinm
1588 335 1859 393 capitularem

233 409 397 463 respicit
432 419 522 449 can.
559 406 686 460 2409,
721 406 802 448 duo
835 410 1054 462 sequentes
1088 419 1178 450 can.
1215 406 1345 461 2410,
1370 406 1475 448 2411
1506 407 1749 463 Superiores
1772 408 1863 450 reli-

234 480 369 535 giosos
402 478 537 521 officio
569 476 786 520 abutentes
831 479 1018 532 puniunt,
1063 482 1185 534 atque
1230 481 1312 519 tres
1357 480 1551 533 postremi
1596 490 1685 521 can.
1730 478 1861 521 2412-

237 549 345 592 2414
382 548 596 591 Antistitas
631 546 933 603 religiosarum.

355 620 453 663 250.
487 621 683 664 Abusus
718 620 766 662 in
799 631 984 675 genere
1017 621 1264 664 coercitio.
1302 644 1352 648 —
1392 617 1492 662 Can.
1530 621 1670 662 2404.
1702 618 1864 662 Abusus

233 690 456 749 potestatis
490 689 800 732 ecclesiastieae
832 689 1062 745 explicatus
1097 692 1134 732 in
1160 688 1282 732 Tituli
1309 691 1589 746 inscriptione,
1613 691 1867 747 quicumque

238 763 318 809 itai,
351 760 554 819 prudenti
587 759 766 816 leyititni
800 759 1042 816 Superioris
1076 760 1268 814 arbitrio,
1303 774 1373 803 seu
1401 760 1717 803 indeterminata
1737 772 1867 816 poena

238 833 386 890 (canon
424 832 549 886 2217,
582 832 610 889 ξ
649 831 681 884 i,
720 830 793 887 10).
826 844 903 887 pro
934 831 1148 887 pravitate
1181 830 1329 888 eulpae
1359 818 1580 888 puniatur,
1604 831 1654 874 ad
1679 843 1865 874 normam

239 906 363 961 igitur
396 916 486 947 can.
523 902 648 957 3223,
673 901 700 933 <
734 902 772 955 3,
808 901 853 943 10
898 901 954 955 ΞΟ,
1004 901 1119 944 salvo
1166 902 1432 959 praescripto
1480 915 1684 945 canonum
1735 915 1770 944 v,
1806 916 1867 958 gr.

237 975 578 1031 subsequentium
614 973 685 1030 qui
719 978 875 1015 certam
906 986 1081 1029 poenum
1119 972 1223 1016 latae
1261 972 1322 1016 vel
1358 973 1551 1016 ferendae
1575 974 1801 1016 sententiae
1825 972 1869 1014 in

239 1045 405 1103 aliquos
439 1044 591 1087 abusus
624 1049 831 1086 stutumu.
1667 1033 1669 1036 ”

359 1116 455 1158 251.
492 1117 766 1160 Laedentes
801 1114 995 1159 Curiam
1028 1116 1160 1171 quod
1194 1116 1298 1160 eius
1331 1116 1638 1160 documenta.
1678 1139 1729 1144 —-
1768 1111 1869 1157 Can.

240 1190 379 1231 2405.
414 1186 457 1243 u)
505 1185 694 1229 licerius
731 1184 1008 1242 Cupi'tuluris,
1042 1184 1170 1227 aliive
1202 1198 1342 1227 ornnes
1377 1184 1417 1241 1))
1453 1190 1537 1227 tuin
1580 1185 1630 1227 de
1675 1183 1872 1242 Capitulo

241 1257 468 1303 cathedrali
503 1257 746 1313 designante
781 1256 910 1311 illum,
945 1262 983 1308 c)
1015 1270 1139 1313 quum
1173 1256 1367 1298 extranei
1400 1254 1587 1312 Capitulo
1621 1255 1773 1306 eidem,
1796 1255 1873 1298 cle-

245 1333 315 1373 rici
350 1334 417 1373 aut
455 1329 560 1382 laici,
595 1328 666 1385 qui
704 1326 991 1370 doeumenuun
1026 1326 1235 1384 quodlibet
1279 1325 1334 1369 ud
1380 1325 1554 1369 Curium
1596 1325 1873 1384 episcopalem

243 1400 422 1444 scilicet:
458 1399 508 1443 ad
543 1398 709 1441 diversa
743 1398 877 1441 officia
911 1396 1057 1441 Curiae
1093 1399 1231 1453 ipsius,
1257 1399 1345 1440 sive
1371 1399 1409 1440 in
1435 1396 1619 1440 Archivo
1642 1398 1764 1440 situm
1784 1398 1873 1439 sive

244 1477 362 1516 extra
397 1474 543 1527 ipsum,
582 1484 618 1514 v.
653 1483 713 1526 gr.
749 1469 798 1512 ad
837 1467 1104 1521 Vicariatnm,
1138 1468 1187 1511 ad
1223 1467 1419 1511 Tribunal
1453 1468 1762 1523 dioecesanum,
1795 1472 1873 1511 etc.

240 1543 459 1602 pertinens
492 1541 577 1585 sive
607 1554 684 1598 per
715 1554 759 1583 se
790 1540 876 1582 sive
906 1553 983 1597 per
1015 1538 1161 1594 altum,
1196 1544 1320 1596 atque
1355 1541 1393 1582 in
1428 1539 1505 1582 hoc
1549 1539 1731 1583 secundo
1775 1551 1872 1581 casu

247 1615 449 1671 delinquit
482 1618 669 1670 uterque,
703 1611 780 1655 hoc
814 1616 897 1655 est:
932 1613 1053 1654 etiam
1089 1624 1313 1668 exequens,
1347 1610 1387 1667 a)
1422 1609 1727 1663 subtraxerint,
1751 1609 1875 1652 veluti

247 1685 420 1730 furando
454 1684 559 1727 clam
599 1683 659 1726 rel
697 1682 894 1739 rapiendo
927 1686 1082 1738 aperte,
1119 1680 1161 1738 b)
1200 1680 1263 1723 rel
1305 1680 1597 1724 destruoeerint
1639 1685 1798 1724 tantum
1840 1693 1876 1724 v.

249 1771 309 1814 gr.
361 1756 622 1808 laceratione,
668 1752 968 1806 combustione,
1012 1756 1050 1805 c)
1093 1751 1155 1794 rel
1198 1751 1441 1802 celaverint,
1483 1754 1556 1795 etsi
1601 1765 1622 1794 e
1666 1751 1754 1794 loco
1799 1763 1877 1793 non

249 1828 568 1884 asportaverint,
602 1824 645 1881 d)
683 1823 743 1867 rel
774 1822 1116 1867 substantialiter
1148 1822 1477 1876 immutaverint,
1512 1835 1610 1878 ergo
1644 1835 1723 1865 non
1768 1834 1879 1865 com-

253 1897 522 1955 prehenditur
554 1894 824 1939 accidentalis
855 1895 1092 1938 documenti
1129 1895 1313 1948 mutatio,
1350 1893 1413 1936 ve!
1451 1892 1674 1936 materialis
1709 1905 1781 1949 per
1815 1905 1881 1934 no-

255 1983 346 2012 vam
382 1969 743 2024 transcriptionem
778 1965 1058 2010 authenticam
1085 1964 1172 2008 1000
1198 1964 1645 2020 1·0101·13“οΧ0[00101·15;
1681 1963 1881 2020 praedicti

252 2040 541 2097 delinquentes
574 2038 798 2080 incurrunt
831 2036 921 2094 ipso
954 2036 1068 2094 sueto
1102 2035 1143 2078 in
1169 2034 1638 2078 eoeeommunicationem
1664 2033 1883 2090 SediApo-

254 2110 427 2154 stolieae
457 2108 710 2166 simpliciter
742 2113 1015 2159 reservatum,
1050 2107 1120 2150 sed
1157 2110 1369 2163 praeterea
1405 2105 1468 2148 lex
1493 2105 1607 2148 addit
1631 2104 1884 2148 facultativis

259 2181 418 2226 verbis:
453 2186 492 2223 et
525 2180 574 2223 ab
613 2178 846 2223 Orclinario
880 2178 1008 2221 etiam
1038 2177 1280 2235 privatione
1313 2176 1564 2220 disiunctive
1596 2175 1734 2233 officii,
1767 2175 1882 2218 bene-

256 2253 353 2310 ficii,
384 2251 513 2309 plecti
543 2255 754 2308 poterunt.

376 2323 472 2365 252
508 2323 760 2368 Adversus
793 2322 1003 2367 curiales
1035 2321 1392 2376 delinquentes.
1426 2343 1478 2348 —
1518 2317 1721 2372 Quamvis
1754 2318 1792 2359 in
1817 2329 1883 2359 ca-

259 2408 363 2438 none
389 2393 662 2450 praecedente
685 2394 842 2435 sanctio
869 2390 1063 2447 percellat
1087 2403 1230 2433 omnes
1253 2391 1322 2447 qui
1347 2389 1645 2432 documentum
1673 2386 1887 2445 quodlibet

258 2466 405 2509 Curiae
438 2462 685 2524 episcopalis
717 2476 765 2505 ex
807 2461 957 2505 delicto
996 2460 1134 2517 aliquo
1169 2459 1222 2503 ibi
1263 2472 1459 2516 expresso
1496 2457 1757 2511 violaverint,
1789 2455 1884 2500 sub-

259 2536 370 2579 ditur
403 2547 533 2578 canon
570 2535 743 2590 puniens
776 2545 973 2589 personas
1005 2530 1239 2588 specialiter
1272 2529 1459 2573 addictas
1492 2542 1635 2572 eorum
1669 2539 1886 2572 conserva-

261 2609 372 2654 tioni,
411 2604 626 2648 videlicet:

384 2675 482 2719 Can.
517 2677 655 2718 9406.
691 2676 715 2728 ξ
741 2674 776 2716 1.
806 2673 1063 2730 Quicumque
1080 2671 1225 2730 officio,
1245 2685 1284 2715 v.
1304 2685 1363 2727 gr.
1384 2670 1670 2723 cancellarius,
1690 2671 1887 2722 notarius,

262 2748 311 2791 ad
348 2758 534 2789 normam
569 2758 658 2789 can.
695 2745 792 2793 372,
826 2744 853 2802 ἓ
888 2745 923 2799 i,
959 2744 1057 2797 374,
1093 2742 1299 2799 parochus
1337 2745 1385 2785 ad
1431 2753 1619 2784 normam
1663 2753 1752 2784 can.
1788 2739 1886 2792 470,

263 2818 290 2875 ξ
327 2818 362 2871 1,
397 2822 561 2859 tenetur
593 2821 702 2868 actu,
737 2817 760 2858 i.
781 2828 822 2862 e„
851 2814 1086 2858 authentica
1119 2815 1270 2869 scripta
1305 2825 1448 2855 eorum
1484 2823 1589 2868 quae
1628 2823 1699 2867 per
1721 2808 1886 2854 Curiam

265 2890 379 2943 tium,
416 2887 456 2944 1))
494 2886 554 2929 rel
585 2885 846 2940 documenta,
878 2884 1056 2928 scilicet:
1092 2896 1199 2941 quae
1233 2884 1382 2926 docent
1416 2886 1593 2925 mentem
1627 2881 1678 2924 de
1711 2880 1888 2924 diversis
