1981 3182
177 140 248 175 308
548 140 631 176 Liss.
651 141 696 174 Y.
718 160 731 165 -
753 141 861 175 PARS
878 140 950 174 ΠΙ.
972 160 983 166 -
1004 141 1060 175 De
1072 141 1210 184 poenis
1229 141 1271 171 iii
1289 137 1427 172 delicta
1478 136 1571 173 Can.
1598 139 1803 175 2391-2392
1939 0 1952 231 ι

298 263 322 313 ἓ
354 264 393 302 2.
430 258 597 315 Sinyitlz'
641 272 733 302 vero
771 258 970 302 electores
1009 258 1081 317 qui
1118 257 1438 300 substantialem
1477 257 1693 301 electionis
1715 258 1803 316 sor-
1942 237 1952 295 ἶ

179 344 302 375 iiiam,
339 329 518 372 scilicet:
553 342 659 386 quac
692 330 741 372 ad
781 329 1034 372 validitatem
1071 331 1198 384 ipsius
1227 327 1440 370 electionis
1472 333 1594 385 atque
1627 328 1806 385 singulo·
1947 322 1952 333 ²

180 414 271 443 rum
294 401 588 456 suffragiorum
615 402 805 456 pertinet,
837 400 1031 451 scienter,
1065 399 1174 456 quod
1200 397 1380 460 *verbnm
1422 413 1442 439 ((
1467 398 1629 454 plenam
1664 401 1803 455 cogni-

179 473 331 514 tionem
377 484 423 514 ac
467 470 808 514 deliberationem
854 473 981 526 exigit
1004 486 1026 511 »
1080 469 1129 513 ad
1175 482 1362 512 normam
1407 481 1497 513 can.
1544 469 1670 524 2229,
1704 468 1733 527 ἓ
1767 470 1804 518 2,

179 556 259 585 mm
294 541 568 593 servaverint,
599 547 775 598 possim!
815 555 892 598 pro
933 541 1149 598 {siccitate
1181 539 1329 597 eulpae
1360 539 1409 582 ab
1457 538 1690 583 Ordinario
1730 530 1805 598 pii-

178 612 278 655 iiiri.
317 612 447 655 l'oena
482 617 540 655 est
576 612 893 655 indeterminata
928 617 966 655 et
1004 627 1026 653 <‹
1051 610 1189 654 verbis
1212 609 1464 654 facultativis
1487 626 1508 650 ))
1549 612 1676 659 utitur
1725 610 1804 654 lex.

182 682 296 740 (Can.
334 683 460 735 2223,
493 684 521 741 ἓ
555 682 611 740 ⁶2).

300 753 339 796 ln
377 753 720 810 praecedentibus
755 753 1025 810 paragraphis
1058 755 1259 796 sancitum
1291 757 1349 795 cst
1373 751 1424 795 de
1448 751 1673 802 electione;
1708 752 1804 809 quid

180 825 313 868 simile
349 824 606 881 paragrapho
652 828 782 881 primo
827 825 1114 868 consideratur
1155 823 1290 881 quoad
1331 822 1433 866 alios
1465 827 1582 866 actus
1615 825 1807 879 praevios

181 896 410 939 officiorum
447 897 689 938 institutioni
724 897 947 939 canonicae
972 897 1009 937 in
1035 898 1058 945 ξ
1083 895 1119 937 3.
1149 893 1302 937 Cleri'ei
1332 892 1393 936 rel
1424 892 1539 948 laici,
1564 896 1658 950 quia
1683 895 1804 936 etiam

181 966 243 1009 his
276 971 513 1023 competere
547 971 714 1023 possunt
748 971 864 1009 actus
896 970 1130 1023 sequentes,
1164 965 1236 1023 qui
1267 964 1484 1021 infliynzciii
1510 978 1580 1007 seu
1606 977 1685 1007 non
1721 964 1806 1007 ido-

182 1051 302 1081 neum
337 1037 531 1090 scienter,
566 1043 605 1079 nt
640 1050 763 1093 supra
797 1037 1050 1094 explicatum
1086 1042 1158 1090 est,
1178 1036 1547 1094 praesentaverint
1581 1035 1633 1079 ob
1658 1037 1719 1078 ius
1744 1047 1808 1092 pa-

181 1113 366 1151 tronatus
399 1108 461 1151 rel
495 1108 803 1151 iioiiii'naieriiit
838 1121 876 1152 v.
901 1121 962 1164 gr.
982 1120 1030 1150 ex
1059 1107 1277 1163 privilegio
1311 1106 1548 1163 apostolico,
1575 1106 1668 1149 iure.
1687 1119 1808 1164 prae-

180 1179 376 1222 sentamli
410 1179 470 1221 rel
504 1177 752 1222 nominandi
779 1178 869 1236 ipso
902 1178 1016 1236 facto
1047 1191 1125 1235 pro
1158 1192 1206 1220 ea
1239 1177 1325 1220 ›oi'ee
1357 1182 1513 1220 carent.
1541 1177 1581 1220 ln
1607 1176 1684 1220 hoc
1708 1190 1807 1233 ergo

180 1256 218 1294 et
252 1253 290 1293 in
325 1264 420 1294 casu
459 1253 577 1306 primi
615 1249 864 1307 paragraphi
903 1266 924 1290 «
950 1248 1078 1292 libera
1121 1249 1242 1292 officii
1287 1253 1355 1291 aut
1401 1248 1589 1291 beneficii
1623 1249 1805 1304 provisio

179 1320 229 1364 ad
264 1334 357 1363 eum
393 1321 655 1377 Superiorem
691 1320 944 1372 devolvitun
969 1332 989 1362 a
1013 1332 1094 1377 quo
1119 1319 1403 1362 confirmanda
1428 1323 1532 1361 esset
1560 1317 1706 1360 electio
1744 1317 1806 1360 rel

179 1391 315 1434 danda
350 1393 548 1434 institutio
595 1392 655 1434 vel
705 1393 770 1434 cui
823 1394 885 1434 ins
924 1390 1170 1447 proxtdendl
1205 1391 1444 1432 successive
1477 1390 1718 1444 competit»
1756 1387 1805 1431 ad

181 1475 366 1505 normam
403 1476 492 1506 can.
532 1463 625 1516 178,
664 1462 789 1517 1465,
823 1463 849 1517 ξ
884 1461 921 1504 1.

302 1534 396 1576 937.
435 1536 618 1580 Contra
650 1536 923 1580 simoniam.
967 1558 1020 1563 —-
1059 1530 1159 1575 Caii.
1194 1533 1334 1575 9392.
1370 1529 1511 1574 Firmo
1541 1529 1807 1588 praescripto

180 1619 270 1647 caii.
296 1607 389 1647 739
412 1605 462 1648 de
488 1605 673 1647 iuridicis
696 1603 909 1647 effectibus
932 1602 984 1646 ob
1006 1616 1183 1659 sequens
1204 1603 1215 1624 ¹
1250 1601 1461 1657 delictum,
1496 1601 1606 1659 quod
1637 1601 1808 1657 proinde

181 1679 231 1719 sit
265 1681 481 1719 externum
527 1681 564 1718 et
611 1675 821 1718 moraliter
855 1674 1095 1731 imputabile
1129 1674 1238 1730 (can.
1275 1673 1402 1729 2195,
1437 1674 1455 1723 ξ
1495 1672 1546 1729 l),
1583 1671 1681 1715 illud
1713 1684 1807 1729 per-

178 1752 395 1804 petrantes
428 1747 634 1789 simoniae
665 1748 755 1789 sive
790 1748 889 1789 iuris
932 1746 1062 1789 divini
1107 1747 1196 1788 sive
1242 1747 1342 1787 iuris
1379 1743 1648 1787 ecclesiastici
1683 1744 1805 1785 etiam

180 1817 482 1862 conlidentialis
515 1818 585 1861 sed
621 1817 671 1861 ad
707 1829 893 1860 normam
918 1829 1008 1860 can.
1033 1816 1131 1864 727,
1157 1816 1241 1859 728
1266 1816 1294 1864 ²,
1321 1815 1361 1857 iii
1388 1813 1636 1872 quibuslibet
1662 1812 1808 1870 officiis

300 1995 310 2016 1
339 1994 431 2028 Can.
461 1994 541 2029 729.
572 1994 715 2028 Firmis
740 1993 876 2038 poenis
916 1993 956 2026 in
996 1992 1232 2025 simoniacos
1260 1991 1345 2024 iure
1372 1990 1554 2030 statutis,
1582 1993 1808 2023 contractus
1948 1991 1959 2035 ,ᾗ

178 2043 261 2087 ipse
288 2041 526 2075 simoniacus
552 2046 603 2081 et,
630 2042 663 2075 si
690 2042 858 2075 simonia
884 2041 1159 2074 committatur
1177 2039 1279 2072 circa
1297 2037 1500 2078 beneficia,
1520 2035 1658 2076 officia,
1680 2035 1808 2081 digni·
1948 2038 1959 2058 ’ν

180 2094 295 2130 tates,
322 2089 564 2133 subsequens
590 2089 762 2134 provisio
788 2087 894 2121 omni
923 2088 962 2121 vi
990 2094 1107 2126 earet,
1137 2086 1231 2120 licet
1258 2086 1423 2120 simonia
1448 2097 1470 2119 a
1495 2084 1615 2118 tertia
1643 2095 1809 2128 persona

180 2137 386 2171 commissa
412 2137 544 2177 tuerit,
567 2137 687 2170 etiam
714 2136 838 2169 inscio
865 2135 1031 2174 proviso,
1060 2133 1268 2167 dummodo
1287 2132 1359 2167 hoc
1378 2144 1456 2167 non
1484 2132 1555 2166 fiat
1574 2131 1615 2165 in
1632 2130 1808 2165 fraudem

180 2184 356 2218 eiusdem
382 2184 529 2228 provisi
556 2188 626 2217 aut
653 2195 697 2217 eo
724 2182 1031 2217 contradicente.
1063 2180 1209 2223 Quare:

304 2232 335 2264 10
362 2231 466 2264 Ante
485 2231 702 2275 quamlibet
722 2230 863 2264 iudicis
882 2229 1121 2263 sententiam
1139 2239 1200 2261 res
1218 2227 1430 2261 simoniace
1450 2226 1541 2260 data
1568 2230 1608 2259 et
1633 2229 1805 2270 accepta,

180 2279 213 2312 si
240 2278 510 2312 restitutionis
537 2279 590 2312 sit
616 2289 735 2323 capax
763 2289 835 2311 nec
861 2277 992 2310 obstet
1024 2275 1245 2309 reverentia
1272 2275 1327 2308 rei
1354 2273 1553 2319 spirituali
1583 2272 1726 2313 debita,
1753 2283 1807 2305 re-

180 2326 298 2360 stitui
326 2325 451 2366 debet,
478 2334 517 2359 et
544 2325 791 2365 beneficium,
818 2323 1001 2363 officium,
1028 2323 1205 2367 dignitas
1232 2322 1396 2358 dimitti.
1952 2354 1956 2356 ,

296 2373 333 2405 *20
361 2372 579 2406 Simoniace
606 2372 786 2417 provisus
807 2383 884 2405 non
904 2371 998 2404 facit
1016 2369 1171 2404 fructus
1190 2381 1300 2409 suos;
1327 2369 1429 2414 quod
1456 2369 1489 2402 si
1516 2379 1580 2402 eos
1606 2367 1708 2401 bona
1734 2365 1809 2400 fide
1949 2366 1959 2414 ᾖ

179 2420 409 2465 perceperit,
438 2420 671 2464 prudentiae
691 2420 833 2453 iudicis
853 2419 914 2452 vel
937 2417 1134 2452 ordinarii.
1161 2417 1410 2461 permittitur
1434 2417 1588 2450 tructus
1605 2418 1808 2459 perceptos

180 2479 229 2501 ex
255 2473 339 2501 toto
368 2467 429 2501 vel
456 2479 502 2500 ex
529 2473 638 2512 parte
666 2467 790 2501 eidem
817 2465 1048 2499 condonare.

298 2514 311 2535 2
339 2514 432 2547 Can.
462 2515 544 2554 727,
574 2518 593 2556 ἓ
623 2516 652 2547 1.
684 2514 869 2548 Studiosa
892 2512 1076 2546 voluntas
1103 2511 1253 2545 emendi
1283 2511 1346 2545 vel
1373 2509 1569 2544 vendendi
1594 2519 1662 2554 pro
1680 2507 1809 2553 pretio

181 2561 386 2606 temporali
413 2573 493 2595 rem
520 2562 733 2595 intrinsece
761 2560 1019 2606 spiritualem,
1045 2570 1104 2592 ex.
1123 2570 1196 2602 gn,
1224 2558 1485 2599 Sacramenta,
1503 2555 1808 2591 ecclesiasticam

180 2608 509 2651 iurisdietionem,
539 2608 879 2647 consecrationem,
910 2606 1193 2651 indulgentias,
1223 2614 1312 2647 etc„
1344 2605 1406 2639 vel
1438 2616 1519 2638 rem
1554 2602 1808 2648 temporalem

181 2656 237 2689 rei
264 2656 461 2700 spirituali
490 2655 679 2689 adnexam
708 2656 763 2689 ita
789 2660 834 2688 ut
861 2666 921 2688 res
948 2653 1175 2697 temporalis
1211 2653 1295 2686 sine
1330 2651 1529 2697 spirituali
1556 2650 1669 2684 nullo
1694 2649 1807 2683 modo

179 2714 263 2736 esse
291 2703 428 2746 possit,
458 2714 517 2736 ex.
547 2715 612 2744 gr..
641 2702 875 2736 beneficium
913 2700 1234 2740 ecclesiasticum,
1261 2706 1349 2741 etc,
1381 2705 1451 2733 aut
1489 2709 1549 2732 res
1588 2696 1808 2742 spiritualis

181 2751 234 2783 sit
261 2749 470 2784 obiectum.
500 2751 575 2783 etsi
602 2750 776 2794 partiale,
806 2752 1046 2787 contractus,
1067 2759 1127 2781 ex,
1150 2759 1216 2792 gr..
1237 2747 1478 2781 consecratio
1506 2746 1547 2778 in
1573 2744 1706 2779 calicis
1724 2755 1809 2777 con-

179 2797 323 2831 secrati
351 2797 594 2832 venditione.
624 2805 683 2831 est
711 2797 881 2831 simonia
908 2796 1006 2829 iuris
1033 2794 1173 2828 divmi.

299 2848 317 2885 ξ
345 2845 378 2877 ’2.
409 2844 508 2878 Dare
536 2856 625 2878 vero
653 2856 712 2878 res
740 2843 972 2888 temporales
1000 2842 1198 2886 sp'rituali
1233 2841 1405 2874 adnexas
1432 2852 1499 2885 pro
1526 2837 1807 2884 temporalibus

134 2891 137 2892 ⁷
180 2891 383 2935 spirituali
409 2892 586 2930 adnexis,
614 2892 676 2925 vel
702 2903 763 2925 res
795 2890 1022 2934 spirituales
1056 2900 1124 2934 pro
1159 2888 1447 2933 spiritualibus,
1478 2887 1541 2921 vel
1567 2886 1685 2920 etiam
1712 2891 1807 2919 tem-
