<?xml version="1.0" encoding="UTF-8"?>
<!DOCTYPE html PUBLIC "-//W3C//DTD XHTML 1.0 Transitional//EN"
    "http://www.w3.org/TR/xhtml1/DTD/xhtml1-transitional.dtd">
<html xmlns="http://www.w3.org/1999/xhtml" xml:lang="en" lang="en">
 <head>
  <title>
</title>
<meta http-equiv="Content-Type" content="text/html;charset=utf-8" />
  <meta name='ocr-system' content='tesseract 3.04.00' />
  <meta name='ocr-capabilities' content='ocr_page ocr_carea ocr_par ocr_line ocrx_word'/>
</head>
<body>
  <div class='ocr_page' id='page_1' title='image "./commentariumtext05blatuoft_0308.png"; bbox 0 0 1981 3182; ppageno 0'>
   <div class='ocr_carea' id='block_1_1' title="bbox 1697 0 1867 21">
    <p class='ocr_par' dir='ltr' id='par_1_1' title="bbox 1697 0 1867 21">
     <span class='ocr_line' id='line_1_1' title="bbox 1697 0 1867 21; baseline -0.006 -15"><span class='ocrx_word' id='word_1_1' title='bbox 1697 0 1811 18; x_wconf 37' lang='lat' dir='ltr'>“ww</span> <span class='ocrx_word' id='word_1_2' title='bbox 1863 18 1867 21; x_wconf 25' lang='grc' dir='ltr'><strong><em>Δ</em></strong></span> 
     </span>
    </p>
   </div>
   <div class='ocr_carea' id='block_1_2' title="bbox 167 120 1797 171">
    <p class='ocr_par' dir='ltr' id='par_1_2' title="bbox 167 120 1797 171">
     <span class='ocr_line' id='line_1_2' title="bbox 167 120 1797 171; baseline -0.007 -4"><span class='ocrx_word' id='word_1_3' title='bbox 167 134 236 169; x_wconf 77' lang='lat'>296</span> <span class='ocrx_word' id='word_1_4' title='bbox 540 130 624 163; x_wconf 69' lang='grc' dir='ltr'>[ΑΒ.</span> <span class='ocrx_word' id='word_1_5' title='bbox 645 129 691 162; x_wconf 81' lang='lat' dir='ltr'>V.</span> <span class='ocrx_word' id='word_1_6' title='bbox 713 149 725 153; x_wconf 97' lang='lat'>-</span> <span class='ocrx_word' id='word_1_7' title='bbox 743 128 854 162; x_wconf 76' lang='lat' dir='ltr'>PARS</span> <span class='ocrx_word' id='word_1_8' title='bbox 871 127 943 161; x_wconf 80' lang='grc' dir='ltr'>[Π.</span> <span class='ocrx_word' id='word_1_9' title='bbox 965 147 977 152; x_wconf 96' lang='grc'>-</span> <span class='ocrx_word' id='word_1_10' title='bbox 997 127 1054 161; x_wconf 83' lang='lat' dir='ltr'>De</span> <span class='ocrx_word' id='word_1_11' title='bbox 1066 129 1203 171; x_wconf 80' lang='lat' dir='ltr'>poenis</span> <span class='ocrx_word' id='word_1_12' title='bbox 1223 127 1265 159; x_wconf 77' lang='lat' dir='ltr'>in</span> <span class='ocrx_word' id='word_1_13' title='bbox 1283 125 1423 159; x_wconf 77' lang='lat' dir='ltr'>delicta</span> <span class='ocrx_word' id='word_1_14' title='bbox 1584 121 1676 157; x_wconf 81' lang='lat' dir='ltr'>Can.</span> <span class='ocrx_word' id='word_1_15' title='bbox 1701 120 1797 156; x_wconf 75' lang='lat'>2379</span> 
     </span>
    </p>
   </div>
   <div class='ocr_carea' id='block_1_3' title="bbox 244 181 1498 200">
    <p class='ocr_par' dir='ltr' id='par_1_3' title="bbox 244 181 1498 200">
     <span class='ocr_line' id='line_1_3' title="bbox 244 181 1498 200; baseline 0 0"><span class='ocrx_word' id='word_1_16' title='bbox 244 181 1498 200; x_wconf 95' lang='lat' dir='ltr'> </span> 
     </span>
    </p>
   </div>
   <div class='ocr_carea' id='block_1_4' title="bbox 947 184 1498 193">
    <p class='ocr_par' dir='ltr' id='par_1_4' title="bbox 947 184 1498 193">
     <span class='ocr_line' id='line_1_4' title="bbox 947 184 1498 193; baseline 0 0"><span class='ocrx_word' id='word_1_17' title='bbox 947 184 1498 193; x_wconf 95' lang='lat' dir='ltr'> </span> 
     </span>
    </p>
   </div>
   <div class='ocr_carea' id='block_1_5' title="bbox 170 243 1820 2347">
    <p class='ocr_par' dir='ltr' id='par_1_5' title="bbox 170 243 1820 2347">
     <span class='ocr_line' id='line_1_5' title="bbox 290 243 1793 296; baseline -0.007 -2"><span class='ocrx_word' id='word_1_18' title='bbox 290 251 385 295; x_wconf 62' lang='lat'><strong>22³2.</strong></span> <span class='ocrx_word' id='word_1_19' title='bbox 422 251 605 296; x_wconf 80' lang='lat' dir='ltr'>Contra</span> <span class='ocrx_word' id='word_1_20' title='bbox 637 262 734 294; x_wconf 91' lang='lat' dir='ltr'>non</span> <span class='ocrx_word' id='word_1_21' title='bbox 757 248 1038 293; x_wconf 83' lang='lat' dir='ltr'>deferentes</span> <span class='ocrx_word' id='word_1_22' title='bbox 1062 247 1282 290; x_wconf 86' lang='lat' dir='ltr'>habitum</span> <span class='ocrx_word' id='word_1_23' title='bbox 1313 243 1713 288; x_wconf 85' lang='lat' dir='ltr'>ecclesiasticum.</span> <span class='ocrx_word' id='word_1_24' title='bbox 1739 266 1793 270; x_wconf 87' lang='lat'><strong>—</strong></span> 
     </span>
     <span class='ocr_line' id='line_1_6' title="bbox 170 312 1795 373; baseline -0.008 -7"><span class='ocrx_word' id='word_1_25' title='bbox 170 323 228 367; x_wconf 90' lang='lat' dir='ltr'>De</span> <span class='ocrx_word' id='word_1_26' title='bbox 261 322 424 366; x_wconf 76' lang='lat' dir='ltr'>clericis</span> <span class='ocrx_word' id='word_1_27' title='bbox 446 325 603 364; x_wconf 84' lang='lat' dir='ltr'>tantum</span> <span class='ocrx_word' id='word_1_28' title='bbox 629 318 700 362; x_wconf 93' lang='lat' dir='ltr'>sed</span> <span class='ocrx_word' id='word_1_29' title='bbox 726 320 1025 373; x_wconf 79' lang='lat' dir='ltr'>cuiuscumque</span> <span class='ocrx_word' id='word_1_30' title='bbox 1050 315 1204 372; x_wconf 78' lang='lat' dir='ltr'>gradus</span> <span class='ocrx_word' id='word_1_31' title='bbox 1229 312 1448 370; x_wconf 79' lang='lat' dir='ltr'>puniendis</span> <span class='ocrx_word' id='word_1_32' title='bbox 1473 315 1638 368; x_wconf 88' lang='lat' dir='ltr'>propter</span> <span class='ocrx_word' id='word_1_33' title='bbox 1655 324 1795 368; x_wconf 85' lang='lat' dir='ltr'>quain-</span> 
     </span>
     <span class='ocr_line' id='line_1_7' title="bbox 171 384 1794 448; baseline -0.007 -10"><span class='ocrx_word' id='word_1_34' title='bbox 171 396 264 438; x_wconf 81' lang='lat' dir='ltr'>dam</span> <span class='ocrx_word' id='word_1_35' title='bbox 300 394 683 448; x_wconf 70' lang='lat' dir='ltr'>transgressionem,</span> <span class='ocrx_word' id='word_1_36' title='bbox 718 391 906 445; x_wconf 77' lang='lat' dir='ltr'>sequenti</span> <span class='ocrx_word' id='word_1_37' title='bbox 940 388 1084 431; x_wconf 87' lang='lat' dir='ltr'>ordine</span> <span class='ocrx_word' id='word_1_38' title='bbox 1119 398 1283 429; x_wconf 85' lang='lat' dir='ltr'>normas</span> <span class='ocrx_word' id='word_1_39' title='bbox 1316 385 1507 441; x_wconf 77' lang='lat' dir='ltr'>proponit</span> <span class='ocrx_word' id='word_1_40' title='bbox 1540 397 1630 427; x_wconf 82' lang='lat' dir='ltr'>ean.</span> <span class='ocrx_word' id='word_1_41' title='bbox 1654 384 1794 426; x_wconf 68' lang='lat'><strong>2379.</strong></span> 
     </span>
     <span class='ocr_line' id='line_1_8' title="bbox 176 451 1799 515; baseline -0.006 -11"><span class='ocrx_word' id='word_1_42' title='bbox 176 464 328 507; x_wconf 64' lang='lat' dir='ltr'>Pteriei</span> <span class='ocrx_word' id='word_1_43' title='bbox 364 465 541 506; x_wconf 89' lang='lat' dir='ltr'>minores</span> <span class='ocrx_word' id='word_1_44' title='bbox 573 466 610 504; x_wconf 89' lang='lat' dir='ltr'>et</span> <span class='ocrx_word' id='word_1_45' title='bbox 651 462 841 513; x_wconf 76' lang='lat' dir='ltr'>maiores,</span> <span class='ocrx_word' id='word_1_46' title='bbox 884 464 1030 502; x_wconf 81' lang='lat' dir='ltr'>contra</span> <span class='ocrx_word' id='word_1_47' title='bbox 1073 455 1383 515; x_wconf 71' lang='lat' dir='ltr'>praescriptum</span> <span class='ocrx_word' id='word_1_48' title='bbox 1426 467 1516 498; x_wconf 80' lang='lat' dir='ltr'>can.</span> <span class='ocrx_word' id='word_1_49' title='bbox 1552 454 1651 504; x_wconf 79' lang='lat'>136,</span> <span class='ocrx_word' id='word_1_50' title='bbox 1686 451 1799 495; x_wconf 75' lang='lat' dir='ltr'>habi-</span> 
     </span>
     <span class='ocr_line' id='line_1_9' title="bbox 174 523 1795 586; baseline -0.007 -9"><span class='ocrx_word' id='word_1_51' title='bbox 174 542 257 578; x_wconf 77' lang='lat' dir='ltr'>tnni</span> <span class='ocrx_word' id='word_1_52' title='bbox 301 532 629 577; x_wconf 78' lang='lat' dir='ltr'>ecclesiasticum</span> <span class='ocrx_word' id='word_1_53' title='bbox 676 530 730 574; x_wconf 90' lang='lat' dir='ltr'>ibi</span> <span class='ocrx_word' id='word_1_54' title='bbox 772 530 1022 586; x_wconf 82' lang='lat' dir='ltr'>explicatum</span> <span class='ocrx_word' id='word_1_55' title='bbox 1059 533 1097 570; x_wconf 84' lang='lat' dir='ltr'>et</span> <span class='ocrx_word' id='word_1_56' title='bbox 1142 533 1358 570; x_wconf 77' lang='lat' dir='ltr'>tonsuram</span> <span class='ocrx_word' id='word_1_57' title='bbox 1400 523 1637 567; x_wconf 79' lang='lat' dir='ltr'>clericalem</span> <span class='ocrx_word' id='word_1_58' title='bbox 1675 525 1795 566; x_wconf 80' lang='lat' dir='ltr'>«nisi</span> 
     </span>
     <span class='ocr_line' id='line_1_10' title="bbox 174 593 1799 662; baseline -0.009 -12"><span class='ocrx_word' id='word_1_59' title='bbox 174 607 328 662; x_wconf 80' lang='lat' dir='ltr'>recepti</span> <span class='ocrx_word' id='word_1_60' title='bbox 364 603 609 661; x_wconf 88' lang='lat' dir='ltr'>populorum</span> <span class='ocrx_word' id='word_1_61' title='bbox 644 614 780 644; x_wconf 88' lang='lat' dir='ltr'>mores</span> <span class='ocrx_word' id='word_1_62' title='bbox 813 601 932 644; x_wconf 84' lang='lat' dir='ltr'>aliter</span> <span class='ocrx_word' id='word_1_63' title='bbox 965 600 1097 642; x_wconf 86' lang='lat' dir='ltr'>serant</span> <span class='ocrx_word' id='word_1_64' title='bbox 1121 614 1140 639; x_wconf 85' lang='grc'>))</span> <span class='ocrx_word' id='word_1_65' title='bbox 1181 611 1259 640; x_wconf 86' lang='lat' dir='ltr'>non</span> <span class='ocrx_word' id='word_1_66' title='bbox 1291 600 1519 654; x_wconf 71' lang='lat' dir='ltr'>qestanteS,</span> <span class='ocrx_word' id='word_1_67' title='bbox 1553 594 1585 637; x_wconf 85' lang='lat'>1⁰</span> <span class='ocrx_word' id='word_1_68' title='bbox 1606 593 1799 651; x_wconf 71' lang='lat' dir='ltr'>yraviter</span> 
     </span>
     <span class='ocr_line' id='line_1_11' title="bbox 175 663 1799 734; baseline -0.009 -14"><span class='ocrx_word' id='word_1_69' title='bbox 175 676 309 734; x_wconf 86' lang='lat' dir='ltr'>quoad</span> <span class='ocrx_word' id='word_1_70' title='bbox 344 675 513 734; x_wconf 87' lang='lat' dir='ltr'>modum</span> <span class='ocrx_word' id='word_1_71' title='bbox 565 677 826 723; x_wconf 78' lang='lat' dir='ltr'>moneantur,</span> <span class='ocrx_word' id='word_1_72' title='bbox 860 676 899 714; x_wconf 88' lang='lat' dir='ltr'>et</span> <span class='ocrx_word' id='word_1_73' title='bbox 934 670 1009 713; x_wconf 83' lang='lat' dir='ltr'>hoc</span> <span class='ocrx_word' id='word_1_74' title='bbox 1043 674 1100 712; x_wconf 90' lang='lat' dir='ltr'>est</span> <span class='ocrx_word' id='word_1_75' title='bbox 1148 668 1445 725; x_wconf 86' lang='lat' dir='ltr'>praescriptum</span> <span class='ocrx_word' id='word_1_76' title='bbox 1481 663 1714 709; x_wconf 90' lang='lat' dir='ltr'>Ordinariis</span> <span class='ocrx_word' id='word_1_77' title='bbox 1749 664 1799 706; x_wconf 88' lang='lat' dir='ltr'>io-</span> 
     </span>
     <span class='ocr_line' id='line_1_12' title="bbox 175 735 1798 800; baseline -0.009 -9"><span class='ocrx_word' id='word_1_78' title='bbox 175 759 348 800; x_wconf 76' lang='lat' dir='ltr'>corum3</span> <span class='ocrx_word' id='word_1_79' title='bbox 383 744 434 787; x_wconf 84' lang='lat'>11⁰</span> <span class='ocrx_word' id='word_1_80' title='bbox 460 748 675 786; x_wconf 78' lang='lat' dir='ltr'>transacto</span> <span class='ocrx_word' id='word_1_81' title='bbox 710 740 924 784; x_wconf 75' lang='lat' dir='ltr'>inutiliter</span> <span class='ocrx_word' id='word_1_82' title='bbox 971 739 1106 797; x_wconf 83' lang='lat' dir='ltr'>quoad</span> <span class='ocrx_word' id='word_1_83' title='bbox 1142 737 1306 781; x_wconf 83' lang='lat' dir='ltr'>habitus</span> <span class='ocrx_word' id='word_1_84' title='bbox 1339 735 1605 779; x_wconf 82' lang='lat' dir='ltr'>ecclesiastici</span> <span class='ocrx_word' id='word_1_85' title='bbox 1642 747 1798 777; x_wconf 87' lang='lat' dir='ltr'>resum-</span> 
     </span>
     <span class='ocr_line' id='line_1_13' title="bbox 176 804 1802 875; baseline -0.008 -15"><span class='ocrx_word' id='word_1_86' title='bbox 176 820 355 875; x_wconf 85' lang='lat' dir='ltr'>ptionem</span> <span class='ocrx_word' id='word_1_87' title='bbox 392 820 431 859; x_wconf 92' lang='lat' dir='ltr'>et</span> <span class='ocrx_word' id='word_1_88' title='bbox 462 820 656 858; x_wconf 78' lang='lat' dir='ltr'>tonsurae</span> <span class='ocrx_word' id='word_1_89' title='bbox 688 812 892 856; x_wconf 84' lang='lat' dir='ltr'>clericalis</span> <span class='ocrx_word' id='word_1_90' title='bbox 932 824 1068 853; x_wconf 76' lang='lat' dir='ltr'>mense</span> <span class='ocrx_word' id='word_1_91' title='bbox 1101 824 1125 851; x_wconf 82' lang='lat' dir='ltr'>a</span> <span class='ocrx_word' id='word_1_92' title='bbox 1168 807 1397 851; x_wconf 81' lang='lat' dir='ltr'>monitione</span> <span class='ocrx_word' id='word_1_93' title='bbox 1436 806 1659 862; x_wconf 75' lang='lat' dir='ltr'>praedicta,</span> <span class='ocrx_word' id='word_1_94' title='bbox 1693 804 1802 849; x_wconf 80' lang='lat' dir='ltr'>scili-</span> 
     </span>
     <span class='ocr_line' id='line_1_14' title="bbox 177 875 1804 940; baseline -0.009 -8"><span class='ocrx_word' id='word_1_95' title='bbox 177 893 268 932; x_wconf 89' lang='lat' dir='ltr'>cet:</span> <span class='ocrx_word' id='word_1_96' title='bbox 303 887 351 930; x_wconf 87' lang='lat' dir='ltr'>ad</span> <span class='ocrx_word' id='word_1_97' title='bbox 389 898 576 929; x_wconf 80' lang='lat' dir='ltr'>normani</span> <span class='ocrx_word' id='word_1_98' title='bbox 625 897 715 928; x_wconf 83' lang='lat' dir='ltr'>can.</span> <span class='ocrx_word' id='word_1_99' title='bbox 751 883 821 937; x_wconf 81' lang='grc'>34,</span> <span class='ocrx_word' id='word_1_100' title='bbox 853 882 880 940; x_wconf 63' lang='grc' dir='ltr'>ἓ</span> <span class='ocrx_word' id='word_1_101' title='bbox 914 882 952 935; x_wconf 78' lang='grc'>3,</span> <span class='ocrx_word' id='word_1_102' title='bbox 989 881 1046 932; x_wconf 89' lang='grc'>10,</span> <span class='ocrx_word' id='word_1_103' title='bbox 1079 881 1122 923; x_wconf 83' lang='lat'>30</span> <span class='ocrx_word' id='word_1_104' title='bbox 1157 893 1178 923; x_wconf 88' lang='lat' dir='ltr'>e</span> <span class='ocrx_word' id='word_1_105' title='bbox 1211 879 1255 921; x_wconf 97' lang='grc'>40</span> <span class='ocrx_word' id='word_1_106' title='bbox 1282 879 1309 933; x_wconf 61' lang='lat'>³,</span> <span class='ocrx_word' id='word_1_107' title='bbox 1342 879 1530 934; x_wconf 84' lang='lat' dir='ltr'>sequitur</span> <span class='ocrx_word' id='word_1_108' title='bbox 1562 889 1692 920; x_wconf 87' lang='lat' dir='ltr'>canon</span> <span class='ocrx_word' id='word_1_109' title='bbox 1725 875 1804 920; x_wconf 88' lang='lat' dir='ltr'>sub</span> 
     </span>
     <span class='ocr_line' id='line_1_15' title="bbox 177 949 1804 1014; baseline -0.008 -12"><span class='ocrx_word' id='word_1_110' title='bbox 177 960 465 1003; x_wconf 82' lang='lat' dir='ltr'>distinctione:</span> <span class='ocrx_word' id='word_1_111' title='bbox 502 956 541 1014; x_wconf 90' lang='lat' dir='ltr'>a)</span> <span class='ocrx_word' id='word_1_112' title='bbox 577 955 686 1013; x_wconf 78' lang='lat' dir='ltr'>qnod</span> <span class='ocrx_word' id='word_1_113' title='bbox 729 953 783 997; x_wconf 79' lang='lat' dir='ltr'>ad</span> <span class='ocrx_word' id='word_1_114' title='bbox 827 953 1001 996; x_wconf 79' lang='lat' dir='ltr'>clericos</span> <span class='ocrx_word' id='word_1_115' title='bbox 1036 952 1232 1004; x_wconf 82' lang='lat' dir='ltr'>minores,</span> <span class='ocrx_word' id='word_1_116' title='bbox 1264 949 1341 993; x_wconf 84' lang='lat' dir='ltr'>hoe</span> <span class='ocrx_word' id='word_1_117' title='bbox 1374 953 1461 992; x_wconf 86' lang='lat' dir='ltr'>est:</span> <span class='ocrx_word' id='word_1_118' title='bbox 1497 953 1690 991; x_wconf 82' lang='lat' dir='ltr'>tonsurae</span> <span class='ocrx_word' id='word_1_119' title='bbox 1733 951 1804 990; x_wconf 84' lang='lat' dir='ltr'>aut</span> 
     </span>
     <span class='ocr_line' id='line_1_16' title="bbox 180 1018 1803 1080; baseline -0.008 -6"><span class='ocrx_word' id='word_1_120' title='bbox 180 1033 384 1074; x_wconf 90' lang='lat' dir='ltr'>minorum</span> <span class='ocrx_word' id='word_1_121' title='bbox 420 1028 626 1076; x_wconf 82' lang='lat' dir='ltr'>ordinum,</span> <span class='ocrx_word' id='word_1_122' title='bbox 646 1025 813 1078; x_wconf 75' lang='lat' dir='ltr'>attinet,</span> <span class='ocrx_word' id='word_1_123' title='bbox 836 1028 1026 1067; x_wconf 72' lang='lat' dir='ltr'>servetur</span> <span class='ocrx_word' id='word_1_124' title='bbox 1047 1021 1354 1080; x_wconf 76' lang='lat' dir='ltr'>praescriptum</span> <span class='ocrx_word' id='word_1_125' title='bbox 1380 1018 1563 1061; x_wconf 75' lang='lat' dir='ltr'>eiusdem</span> <span class='ocrx_word' id='word_1_126' title='bbox 1587 1032 1678 1063; x_wconf 82' lang='lat' dir='ltr'>can.</span> <span class='ocrx_word' id='word_1_127' title='bbox 1703 1019 1803 1072; x_wconf 80' lang='lat'>136,</span> 
     </span>
     <span class='ocr_line' id='line_1_17' title="bbox 178 1090 1805 1157; baseline -0.008 -14"><span class='ocrx_word' id='word_1_128' title='bbox 178 1102 196 1157; x_wconf 74' lang='grc' dir='ltr'>ξ</span> <span class='ocrx_word' id='word_1_129' title='bbox 228 1102 288 1151; x_wconf 85' lang='grc'>3;</span> <span class='ocrx_word' id='word_1_130' title='bbox 324 1099 546 1142; x_wconf 71' lang='lat' dir='ltr'>videlicet:</span> <span class='ocrx_word' id='word_1_131' title='bbox 587 1099 719 1153; x_wconf 78' lang='lat' dir='ltr'>«ipso</span> <span class='ocrx_word' id='word_1_132' title='bbox 753 1098 841 1138; x_wconf 88' lang='lat' dir='ltr'>iure</span> <span class='ocrx_word' id='word_1_133' title='bbox 875 1108 896 1137; x_wconf 95' lang='lat' dir='ltr'>e</span> <span class='ocrx_word' id='word_1_134' title='bbox 929 1099 1035 1137; x_wconf 85' lang='lat' dir='ltr'>statu</span> <span class='ocrx_word' id='word_1_135' title='bbox 1080 1091 1263 1136; x_wconf 84' lang='lat' dir='ltr'>clericali</span> <span class='ocrx_word' id='word_1_136' title='bbox 1306 1090 1544 1133; x_wconf 85' lang='lat' dir='ltr'>decidant»</span> <span class='ocrx_word' id='word_1_137' title='bbox 1582 1102 1679 1132; x_wconf 86' lang='lat' dir='ltr'>casu</span> <span class='ocrx_word' id='word_1_138' title='bbox 1724 1101 1805 1145; x_wconf 83' lang='lat' dir='ltr'>quo</span> 
     </span>
     <span class='ocr_line' id='line_1_18' title="bbox 183 1160 1806 1229; baseline -0.007 -15"><span class='ocrx_word' id='word_1_139' title='bbox 183 1172 392 1229; x_wconf 83' lang='lat' dir='ltr'>«propria</span> <span class='ocrx_word' id='word_1_140' title='bbox 426 1171 672 1212; x_wconf 83' lang='lat' dir='ltr'>auctoritate</span> <span class='ocrx_word' id='word_1_141' title='bbox 705 1169 793 1210; x_wconf 87' lang='lat' dir='ltr'>sine</span> <span class='ocrx_word' id='word_1_142' title='bbox 826 1165 1008 1222; x_wconf 83' lang='lat' dir='ltr'>legitima</span> <span class='ocrx_word' id='word_1_143' title='bbox 1043 1176 1167 1207; x_wconf 87' lang='lat' dir='ltr'>causa</span> <span class='ocrx_word' id='word_1_144' title='bbox 1202 1161 1390 1205; x_wconf 83' lang='lat' dir='ltr'>habitum</span> <span class='ocrx_word' id='word_1_145' title='bbox 1414 1160 1740 1204; x_wconf 82' lang='lat' dir='ltr'>ecclesiasticum</span> <span class='ocrx_word' id='word_1_146' title='bbox 1767 1163 1806 1202; x_wconf 90' lang='lat' dir='ltr'>et</span> 
     </span>
     <span class='ocr_line' id='line_1_19' title="bbox 179 1229 1805 1294; baseline -0.009 -8"><span class='ocrx_word' id='word_1_147' title='bbox 179 1248 391 1286; x_wconf 80' lang='lat' dir='ltr'>tonsuram</span> <span class='ocrx_word' id='word_1_148' title='bbox 425 1240 656 1283; x_wconf 85' lang='lat' dir='ltr'>dimiserint</span> <span class='ocrx_word' id='word_1_149' title='bbox 680 1254 720 1292; x_wconf 70' lang='lat' dir='ltr'>n,</span> <span class='ocrx_word' id='word_1_150' title='bbox 748 1241 865 1294; x_wconf 88' lang='lat' dir='ltr'>prout</span> <span class='ocrx_word' id='word_1_151' title='bbox 902 1236 969 1278; x_wconf 88' lang='lat' dir='ltr'>illo</span> <span class='ocrx_word' id='word_1_152' title='bbox 995 1238 1032 1277; x_wconf 92' lang='lat' dir='ltr'>in</span> <span class='ocrx_word' id='word_1_153' title='bbox 1059 1234 1146 1278; x_wconf 87' lang='lat' dir='ltr'>ioco</span> <span class='ocrx_word' id='word_1_154' title='bbox 1183 1235 1254 1276; x_wconf 79' lang='lat' dir='ltr'>fuit</span> <span class='ocrx_word' id='word_1_155' title='bbox 1283 1235 1624 1288; x_wconf 78' lang='lat' dir='ltr'>interpretatum;</span> <span class='ocrx_word' id='word_1_156' title='bbox 1660 1230 1704 1287; x_wconf 82' lang='lat' dir='ltr'>b)</span> <span class='ocrx_word' id='word_1_157' title='bbox 1727 1229 1805 1272; x_wconf 79' lang='lat' dir='ltr'>cle-</span> 
     </span>
     <span class='ocr_line' id='line_1_20' title="bbox 180 1302 1806 1363; baseline -0.007 -8"><span class='ocrx_word' id='word_1_158' title='bbox 180 1313 261 1356; x_wconf 80' lang='lat' dir='ltr'>riei</span> <span class='ocrx_word' id='word_1_159' title='bbox 294 1317 432 1354; x_wconf 76' lang='lat' dir='ltr'>autem</span> <span class='ocrx_word' id='word_1_160' title='bbox 458 1310 654 1363; x_wconf 79' lang='lat' dir='ltr'>maiores,</span> <span class='ocrx_word' id='word_1_161' title='bbox 676 1308 917 1352; x_wconf 77' lang='lat' dir='ltr'>subdiaconi</span> <span class='ocrx_word' id='word_1_162' title='bbox 943 1311 981 1349; x_wconf 84' lang='lat' dir='ltr'>et</span> <span class='ocrx_word' id='word_1_163' title='bbox 999 1318 1138 1362; x_wconf 78' lang='lat' dir='ltr'>supra,</span> <span class='ocrx_word' id='word_1_164' title='bbox 1162 1304 1276 1347; x_wconf 71' lang='lat' dir='ltr'>sulco</span> <span class='ocrx_word' id='word_1_165' title='bbox 1301 1303 1566 1361; x_wconf 74' lang='lat' dir='ltr'>praescripto</span> <span class='ocrx_word' id='word_1_166' title='bbox 1589 1316 1679 1344; x_wconf 79' lang='lat' dir='ltr'>can.</span> <span class='ocrx_word' id='word_1_167' title='bbox 1704 1302 1806 1354; x_wconf 82' lang='grc'><em>188,</em></span> 
     </span>
     <span class='ocr_line' id='line_1_21' title="bbox 182 1372 1811 1437; baseline -0.008 -10"><span class='ocrx_word' id='word_1_168' title='bbox 182 1399 222 1428; x_wconf 89' lang='lat' dir='ltr'>n.</span> <span class='ocrx_word' id='word_1_169' title='bbox 256 1382 549 1437; x_wconf 68' lang='lat' dir='ltr'>7⁰²,sciiicet:</span> <span class='ocrx_word' id='word_1_170' title='bbox 586 1385 748 1437; x_wconf 88' lang='lat' dir='ltr'>praeter</span> <span class='ocrx_word' id='word_1_171' title='bbox 782 1379 880 1422; x_wconf 81' lang='lat' dir='ltr'>iilud</span> <span class='ocrx_word' id='word_1_172' title='bbox 917 1378 969 1422; x_wconf 84' lang='lat' dir='ltr'>ibi</span> <span class='ocrx_word' id='word_1_173' title='bbox 1004 1376 1275 1429; x_wconf 67' lang='lat' dir='ltr'>deciaratum,</span> <span class='ocrx_word' id='word_1_174' title='bbox 1310 1375 1359 1418; x_wconf 81' lang='lat' dir='ltr'>ab</span> <span class='ocrx_word' id='word_1_175' title='bbox 1381 1373 1600 1418; x_wconf 74' lang='lat' dir='ltr'>ordinibus</span> <span class='ocrx_word' id='word_1_176' title='bbox 1633 1372 1811 1430; x_wconf 73' lang='lat' dir='ltr'>receptis</span> 
     </span>
     <span class='ocr_line' id='line_1_22' title="bbox 182 1442 1810 1513; baseline -0.008 -15"><span class='ocrx_word' id='word_1_177' title='bbox 182 1453 509 1513; x_wconf 67' lang='lat' dir='ltr'>suspendantur,</span> <span class='ocrx_word' id='word_1_178' title='bbox 546 1451 719 1495; x_wconf 78' lang='lat' dir='ltr'>verbum</span> <span class='ocrx_word' id='word_1_179' title='bbox 753 1450 920 1508; x_wconf 86' lang='lat' dir='ltr'>quidem</span> <span class='ocrx_word' id='word_1_180' title='bbox 956 1448 1032 1492; x_wconf 89' lang='lat' dir='ltr'>hoc</span> <span class='ocrx_word' id='word_1_181' title='bbox 1068 1450 1378 1504; x_wconf 78' lang='lat' dir='ltr'>praeceptivum</span> <span class='ocrx_word' id='word_1_182' title='bbox 1402 1449 1507 1499; x_wconf 87' lang='lat' dir='ltr'>(can.</span> <span class='ocrx_word' id='word_1_183' title='bbox 1543 1444 1655 1487; x_wconf 63' lang='lat'>2223</span> <span class='ocrx_word' id='word_1_184' title='bbox 1683 1446 1708 1498; x_wconf 61' lang='grc' dir='ltr'><strong>ἓ</strong></span> <span class='ocrx_word' id='word_1_185' title='bbox 1732 1442 1810 1499; x_wconf 81' lang='grc'>30);</span> 
     </span>
     <span class='ocr_line' id='line_1_23' title="bbox 184 1515 1810 1576; baseline -0.009 -6"><span class='ocrx_word' id='word_1_186' title='bbox 184 1540 259 1570; x_wconf 88' lang='lat' dir='ltr'>nec</span> <span class='ocrx_word' id='word_1_187' title='bbox 291 1527 396 1569; x_wconf 87' lang='lat' dir='ltr'>sistit</span> <span class='ocrx_word' id='word_1_188' title='bbox 429 1537 558 1568; x_wconf 87' lang='lat' dir='ltr'>canon</span> <span class='ocrx_word' id='word_1_189' title='bbox 594 1525 631 1565; x_wconf 93' lang='lat' dir='ltr'>in</span> <span class='ocrx_word' id='word_1_190' title='bbox 666 1521 926 1565; x_wconf 87' lang='lat' dir='ltr'>decernenda</span> <span class='ocrx_word' id='word_1_191' title='bbox 974 1521 1196 1576; x_wconf 72' lang='lat' dir='ltr'>punitione,</span> <span class='ocrx_word' id='word_1_192' title='bbox 1242 1518 1472 1573; x_wconf 83' lang='lat' dir='ltr'>adiungens</span> <span class='ocrx_word' id='word_1_193' title='bbox 1502 1515 1810 1560; x_wconf 85' lang='lat' dir='ltr'>conditionem:</span> 
     </span>
     <span class='ocr_line' id='line_1_24' title="bbox 184 1585 1809 1651; baseline -0.007 -12"><span class='ocrx_word' id='word_1_194' title='bbox 184 1603 222 1639; x_wconf 82' lang='lat' dir='ltr'>et</span> <span class='ocrx_word' id='word_1_195' title='bbox 255 1596 292 1639; x_wconf 87' lang='lat' dir='ltr'>si</span> <span class='ocrx_word' id='word_1_196' title='bbox 325 1594 380 1638; x_wconf 80' lang='lat' dir='ltr'>ad</span> <span class='ocrx_word' id='word_1_197' title='bbox 415 1595 523 1638; x_wconf 72' lang='lat' dir='ltr'>vitae</span> <span class='ocrx_word' id='word_1_198' title='bbox 552 1607 683 1651; x_wconf 15' lang='lat' dir='ltr'>qenins</span> <span class='ocrx_word' id='word_1_199' title='bbox 719 1592 750 1635; x_wconf 87' lang='lat'>1⁰</span> <span class='ocrx_word' id='word_1_200' title='bbox 784 1607 807 1635; x_wconf 82' lang='grc' dir='ltr'>(ι</span> <span class='ocrx_word' id='word_1_201' title='bbox 842 1596 957 1634; x_wconf 73' lang='lat' dir='ltr'>static</span> <span class='ocrx_word' id='word_1_202' title='bbox 990 1589 1180 1633; x_wconf 75' lang='lat' dir='ltr'>clericali</span> <span class='ocrx_word' id='word_1_203' title='bbox 1212 1588 1412 1638; x_wconf 79' lang='lat' dir='ltr'>alienum,</span> <span class='ocrx_word' id='word_1_204' title='bbox 1446 1586 1555 1644; x_wconf 82' lang='lat' dir='ltr'>quod</span> <span class='ocrx_word' id='word_1_205' title='bbox 1589 1585 1809 1629; x_wconf 80' lang='lat' dir='ltr'>diiudicari</span> 
     </span>
     <span class='ocr_line' id='line_1_25' title="bbox 187 1655 1813 1724; baseline -0.009 -14"><span class='ocrx_word' id='word_1_206' title='bbox 187 1668 335 1724; x_wconf 75' lang='lat' dir='ltr'>poterIt</span> <span class='ocrx_word' id='word_1_207' title='bbox 368 1679 416 1709; x_wconf 87' lang='lat' dir='ltr'>ex</span> <span class='ocrx_word' id='word_1_208' title='bbox 451 1678 541 1709; x_wconf 90' lang='lat' dir='ltr'>can.</span> <span class='ocrx_word' id='word_1_209' title='bbox 578 1664 672 1717; x_wconf 84' lang='lat'>138,</span> <span class='ocrx_word' id='word_1_210' title='bbox 707 1662 788 1706; x_wconf 89' lang='lat'>139</span> <span class='ocrx_word' id='word_1_211' title='bbox 826 1664 905 1705; x_wconf 89' lang='lat' dir='ltr'>iam</span> <span class='ocrx_word' id='word_1_212' title='bbox 940 1661 1236 1716; x_wconf 74' lang='lat' dir='ltr'>interpretatis,</span> <span class='ocrx_word' id='word_1_213' title='bbox 1272 1658 1320 1701; x_wconf 89' lang='grc'>110</span> <span class='ocrx_word' id='word_1_214' title='bbox 1356 1657 1521 1701; x_wconf 83' lang='lat' dir='ltr'>notorie</span> <span class='ocrx_word' id='word_1_215' title='bbox 1560 1655 1813 1698; x_wconf 72' lang='lat' dir='ltr'>transierint</span> 
     </span>
     <span class='ocr_line' id='line_1_26' title="bbox 186 1729 1811 1793; baseline -0.007 -13"><span class='ocrx_word' id='word_1_216' title='bbox 186 1739 241 1780; x_wconf 84' lang='lat' dir='ltr'>ita</span> <span class='ocrx_word' id='word_1_217' title='bbox 275 1741 317 1780; x_wconf 91' lang='lat' dir='ltr'>ut</span> <span class='ocrx_word' id='word_1_218' title='bbox 355 1752 377 1778; x_wconf 85' lang='lat'>«</span> <span class='ocrx_word' id='word_1_219' title='bbox 400 1735 564 1793; x_wconf 84' lang='lat' dir='ltr'>publice</span> <span class='ocrx_word' id='word_1_220' title='bbox 612 1740 753 1777; x_wconf 83' lang='lat' dir='ltr'>notum</span> <span class='ocrx_word' id='word_1_221' title='bbox 787 1736 837 1776; x_wconf 85' lang='lat' dir='ltr'>sit</span> <span class='ocrx_word' id='word_1_222' title='bbox 871 1737 909 1775; x_wconf 88' lang='lat' dir='ltr'>et</span> <span class='ocrx_word' id='word_1_223' title='bbox 944 1734 982 1774; x_wconf 93' lang='lat' dir='ltr'>in</span> <span class='ocrx_word' id='word_1_224' title='bbox 1028 1730 1178 1774; x_wconf 83' lang='lat' dir='ltr'>talibus</span> <span class='ocrx_word' id='word_1_225' title='bbox 1212 1729 1418 1772; x_wconf 86' lang='lat' dir='ltr'>adiunctis</span> <span class='ocrx_word' id='word_1_226' title='bbox 1450 1729 1734 1780; x_wconf 79' lang='lat' dir='ltr'>commissum,</span> <span class='ocrx_word' id='word_1_227' title='bbox 1770 1731 1811 1769; x_wconf 90' lang='lat' dir='ltr'>ut</span> 
     </span>
     <span class='ocr_line' id='line_1_27' title="bbox 186 1799 1809 1863; baseline -0.009 -12"><span class='ocrx_word' id='word_1_228' title='bbox 186 1807 297 1851; x_wconf 86' lang='lat' dir='ltr'>nulla</span> <span class='ocrx_word' id='word_1_229' title='bbox 332 1808 676 1863; x_wconf 73' lang='lat' dir='ltr'>tergiversatione</span> <span class='ocrx_word' id='word_1_230' title='bbox 706 1804 831 1848; x_wconf 83' lang='lat' dir='ltr'>celari</span> <span class='ocrx_word' id='word_1_231' title='bbox 858 1802 1054 1859; x_wconf 83' lang='lat' dir='ltr'>nulloque</span> <span class='ocrx_word' id='word_1_232' title='bbox 1079 1803 1178 1844; x_wconf 89' lang='lat' dir='ltr'>iuris</span> <span class='ocrx_word' id='word_1_233' title='bbox 1200 1800 1396 1855; x_wconf 82' lang='lat' dir='ltr'>suffragio</span> <span class='ocrx_word' id='word_1_234' title='bbox 1420 1799 1608 1841; x_wconf 82' lang='lat' dir='ltr'>excusari</span> <span class='ocrx_word' id='word_1_235' title='bbox 1641 1799 1764 1853; x_wconf 79' lang='lat' dir='ltr'>possit</span> <span class='ocrx_word' id='word_1_236' title='bbox 1787 1812 1809 1836; x_wconf 85' lang='lat'>»</span> 
     </span>
     <span class='ocr_line' id='line_1_28' title="bbox 188 1869 1815 1936; baseline -0.008 -14"><span class='ocrx_word' id='word_1_237' title='bbox 188 1878 297 1936; x_wconf 81' lang='lat' dir='ltr'>(can.</span> <span class='ocrx_word' id='word_1_238' title='bbox 333 1878 459 1931; x_wconf 66' lang='lat'>2197,</span> <span class='ocrx_word' id='word_1_239' title='bbox 494 1877 571 1934; x_wconf 81' lang='lat'>30),</span> <span class='ocrx_word' id='word_1_240' title='bbox 606 1875 675 1919; x_wconf 83' lang='lat'><em>1110</em></span> <span class='ocrx_word' id='word_1_241' title='bbox 712 1889 796 1926; x_wconf 77' lang='lat' dir='ltr'>nec,</span> <span class='ocrx_word' id='word_1_242' title='bbox 829 1887 980 1917; x_wconf 74' lang='lat' dir='ltr'>rursus</span> <span class='ocrx_word' id='word_1_243' title='bbox 1016 1872 1177 1927; x_wconf 82' lang='lat' dir='ltr'>moniti,</span> <span class='ocrx_word' id='word_1_244' title='bbox 1211 1870 1397 1914; x_wconf 69' lang='lat' dir='ltr'>scincet:</span> <span class='ocrx_word' id='word_1_245' title='bbox 1432 1870 1550 1925; x_wconf 70' lang='lat' dir='ltr'>gravi</span> <span class='ocrx_word' id='word_1_246' title='bbox 1592 1869 1815 1911; x_wconf 87' lang='lat' dir='ltr'>monitione</span> 
     </span>
     <span class='ocr_line' id='line_1_29' title="bbox 188 1930 1816 2007; baseline -0.007 -15"><span class='ocrx_word' id='word_1_247' title='bbox 188 1949 323 2007; x_wconf 85' lang='lat' dir='ltr'>quoad</span> <span class='ocrx_word' id='word_1_248' title='bbox 360 1948 457 1992; x_wconf 87' lang='lat' dir='ltr'>illud</span> <span class='ocrx_word' id='word_1_249' title='bbox 496 1950 603 1990; x_wconf 71' lang='lat' dir='ltr'>vitae</span> <span class='ocrx_word' id='word_1_250' title='bbox 637 1959 767 2003; x_wconf 83' lang='lat' dir='ltr'>genus</span> <span class='ocrx_word' id='word_1_251' title='bbox 800 1943 1174 2000; x_wconf 81' lang='lat' dir='ltr'>derelinquendum</span> <span class='ocrx_word' id='word_1_252' title='bbox 1200 1941 1251 1985; x_wconf 83' lang='lat' dir='ltr'>ab</span> <span class='ocrx_word' id='word_1_253' title='bbox 1283 1930 1550 1985; x_wconf 86' lang='lat' dir='ltr'>Ordinario...</span> <span class='ocrx_word' id='word_1_254' title='bbox 1577 1940 1816 1995; x_wconf 82' lang='lat' dir='ltr'>praemissa,</span> 
     </span>
     <span class='ocr_line' id='line_1_30' title="bbox 190 2010 1817 2077; baseline -0.007 -15"><span class='ocrx_word' id='word_1_255' title='bbox 190 2019 260 2063; x_wconf 80' lang='grc' dir='ltr'>1Υο</span> <span class='ocrx_word' id='word_1_256' title='bbox 281 2019 537 2077; x_wconf 75' lang='lat' dir='ltr'>resipuerint</span> <span class='ocrx_word' id='word_1_257' title='bbox 572 2018 607 2061; x_wconf 91' lang='lat' dir='ltr'>id</span> <span class='ocrx_word' id='word_1_258' title='bbox 644 2022 726 2061; x_wconf 85' lang='lat' dir='ltr'>est:</span> <span class='ocrx_word' id='word_1_259' title='bbox 760 2016 811 2060; x_wconf 89' lang='lat' dir='ltr'>ab</span> <span class='ocrx_word' id='word_1_260' title='bbox 846 2015 913 2058; x_wconf 93' lang='lat' dir='ltr'>illo</span> <span class='ocrx_word' id='word_1_261' title='bbox 942 2014 1109 2057; x_wconf 68' lang='lat' dir='ltr'>vivendi</span> <span class='ocrx_word' id='word_1_262' title='bbox 1146 2012 1267 2056; x_wconf 81' lang='lat' dir='ltr'>niodo</span> <span class='ocrx_word' id='word_1_263' title='bbox 1291 2010 1409 2068; x_wconf 90' lang='lat' dir='ltr'>(non)</span> <span class='ocrx_word' id='word_1_264' title='bbox 1436 2011 1695 2064; x_wconf 76' lang='lat' dir='ltr'>recesserint,</span> <span class='ocrx_word' id='word_1_265' title='bbox 1720 2014 1817 2052; x_wconf 84' lang='lat' dir='ltr'>tunc</span> 
     </span>
     <span class='ocr_line' id='line_1_31' title="bbox 191 2078 1817 2148; baseline -0.007 -14"><span class='ocrx_word' id='word_1_266' title='bbox 191 2090 488 2148; x_wconf 84' lang='lat' dir='ltr'>praescribitur</span> <span class='ocrx_word' id='word_1_267' title='bbox 521 2089 729 2132; x_wconf 79' lang='lat' dir='ltr'>inferenda</span> <span class='ocrx_word' id='word_1_268' title='bbox 757 2100 886 2144; x_wconf 89' lang='lat' dir='ltr'>poena</span> <span class='ocrx_word' id='word_1_269' title='bbox 920 2087 1097 2129; x_wconf 77' lang='lat' dir='ltr'>servatis</span> <span class='ocrx_word' id='word_1_270' title='bbox 1129 2083 1360 2134; x_wconf 76' lang='lat' dir='ltr'>servandis,</span> <span class='ocrx_word' id='word_1_271' title='bbox 1388 2094 1494 2139; x_wconf 86' lang='lat' dir='ltr'>quae</span> <span class='ocrx_word' id='word_1_272' title='bbox 1528 2081 1619 2124; x_wconf 86' lang='lat' dir='ltr'>talis</span> <span class='ocrx_word' id='word_1_273' title='bbox 1652 2085 1738 2124; x_wconf 85' lang='lat' dir='ltr'>est:</span> <span class='ocrx_word' id='word_1_274' title='bbox 1774 2078 1817 2122; x_wconf 70' lang='grc' dir='ltr'>ν”0</span> 
     </span>
     <span class='ocr_line' id='line_1_32' title="bbox 189 2152 1816 2220; baseline -0.007 -15"><span class='ocrx_word' id='word_1_275' title='bbox 189 2167 282 2220; x_wconf 83' lang='lat' dir='ltr'>post</span> <span class='ocrx_word' id='word_1_276' title='bbox 316 2167 400 2204; x_wconf 79' lang='lat' dir='ltr'>tres</span> <span class='ocrx_word' id='word_1_277' title='bbox 436 2174 592 2203; x_wconf 83' lang='lat' dir='ltr'>menses</span> <span class='ocrx_word' id='word_1_278' title='bbox 625 2159 673 2201; x_wconf 74' lang='lat' dir='ltr'>ab</span> <span class='ocrx_word' id='word_1_279' title='bbox 699 2157 775 2201; x_wconf 75' lang='lat' dir='ltr'>hae</span> <span class='ocrx_word' id='word_1_280' title='bbox 800 2157 947 2200; x_wconf 79' lang='lat' dir='ltr'>ultima</span> <span class='ocrx_word' id='word_1_281' title='bbox 972 2155 1200 2199; x_wconf 75' lang='lat' dir='ltr'>monitione</span> <span class='ocrx_word' id='word_1_282' title='bbox 1223 2152 1524 2210; x_wconf 83' lang='lat' dir='ltr'>computandos</span> <span class='ocrx_word' id='word_1_283' title='bbox 1555 2152 1604 2195; x_wconf 88' lang='lat' dir='ltr'>ad</span> <span class='ocrx_word' id='word_1_284' title='bbox 1630 2163 1816 2194; x_wconf 83' lang='lat' dir='ltr'>norman]</span> 
     </span>
     <span class='ocr_line' id='line_1_33' title="bbox 192 2223 1820 2290; baseline -0.007 -14"><span class='ocrx_word' id='word_1_285' title='bbox 192 2245 282 2277; x_wconf 84' lang='lat' dir='ltr'>can.</span> <span class='ocrx_word' id='word_1_286' title='bbox 317 2232 386 2285; x_wconf 74' lang='grc'>34,</span> <span class='ocrx_word' id='word_1_287' title='bbox 417 2231 445 2290; x_wconf 65' lang='grc' dir='ltr'>ξ</span> <span class='ocrx_word' id='word_1_288' title='bbox 479 2232 517 2285; x_wconf 78' lang='grc'>3,</span> <span class='ocrx_word' id='word_1_289' title='bbox 553 2230 608 2280; x_wconf 72' lang='grc'>10,</span> <span class='ocrx_word' id='word_1_290' title='bbox 645 2229 702 2285; x_wconf 71' lang='lat'>3⁰,</span> <span class='ocrx_word' id='word_1_291' title='bbox 738 2229 816 2272; x_wconf 79' lang='grc'>402</span> <span class='ocrx_word' id='word_1_292' title='bbox 859 2228 1138 2286; x_wconf 76' lang='lat' dir='ltr'>deponantur.</span> <span class='ocrx_word' id='word_1_293' title='bbox 1173 2224 1306 2268; x_wconf 87' lang='lat' dir='ltr'>Huius</span> <span class='ocrx_word' id='word_1_294' title='bbox 1355 2235 1509 2280; x_wconf 84' lang='lat' dir='ltr'>poenae</span> <span class='ocrx_word' id='word_1_295' title='bbox 1543 2223 1711 2266; x_wconf 71' lang='lat' dir='ltr'>eftectus</span> <span class='ocrx_word' id='word_1_296' title='bbox 1760 2234 1820 2264; x_wconf 92' lang='lat' dir='ltr'>re-</span> 
     </span>
     <span class='ocr_line' id='line_1_34' title="bbox 194 2302 618 2347; baseline -0.007 0"><span class='ocrx_word' id='word_1_297' title='bbox 194 2308 333 2347; x_wconf 85' lang='lat' dir='ltr'>censet</span> <span class='ocrx_word' id='word_1_298' title='bbox 366 2316 455 2347; x_wconf 88' lang='lat' dir='ltr'>can.</span> <span class='ocrx_word' id='word_1_299' title='bbox 492 2302 618 2346; x_wconf 74' lang='lat'>2303.</span> 
     </span>
    </p>
   </div>
   <div class='ocr_carea' id='block_1_6' title="bbox 1795 0 1981 3182">
    <p class='ocr_par' dir='ltr' id='par_1_6' title="bbox 1795 0 1981 3182">
     <span class='ocr_line' id='line_1_35' title="bbox 1795 0 1981 3182; baseline 0 0"><span class='ocrx_word' id='word_1_300' title='bbox 1795 0 1981 3182; x_wconf 95' lang='lat' dir='ltr'> </span> 
     </span>
    </p>
   </div>
   <div class='ocr_carea' id='block_1_7' title="bbox 195 2445 1826 2926">
    <p class='ocr_par' dir='ltr' id='par_1_7' title="bbox 195 2445 1821 2685">
     <span class='ocr_line' id='line_1_36' title="bbox 313 2445 1819 2496; baseline -0.009 -6"><span class='ocrx_word' id='word_1_301' title='bbox 313 2457 323 2478; x_wconf 79' lang='lat'>¹</span> <span class='ocrx_word' id='word_1_302' title='bbox 352 2456 443 2490; x_wconf 83' lang='lat' dir='ltr'>Can.</span> <span class='ocrx_word' id='word_1_303' title='bbox 470 2455 527 2489; x_wconf 83' lang='grc'>34.</span> <span class='ocrx_word' id='word_1_304' title='bbox 557 2459 576 2496; x_wconf 64' lang='grc' dir='ltr'><strong>ἓ</strong></span> <span class='ocrx_word' id='word_1_305' title='bbox 602 2455 684 2488; x_wconf 75' lang='grc'>30...</span> <span class='ocrx_word' id='word_1_306' title='bbox 715 2454 759 2487; x_wconf 77' lang='lat'>1¹¹.</span> <span class='ocrx_word' id='word_1_307' title='bbox 787 2453 942 2486; x_wconf 79' lang='lat' dir='ltr'>Menses</span> <span class='ocrx_word' id='word_1_308' title='bbox 969 2458 1007 2485; x_wconf 87' lang='lat' dir='ltr'>et</span> <span class='ocrx_word' id='word_1_309' title='bbox 1034 2450 1128 2483; x_wconf 86' lang='lat' dir='ltr'>anni</span> <span class='ocrx_word' id='word_1_310' title='bbox 1163 2453 1371 2483; x_wconf 77' lang='lat' dir='ltr'>sumantur</span> <span class='ocrx_word' id='word_1_311' title='bbox 1403 2451 1520 2492; x_wconf 87' lang='lat' dir='ltr'>prout</span> <span class='ocrx_word' id='word_1_312' title='bbox 1553 2452 1647 2479; x_wconf 87' lang='lat' dir='ltr'>sunt</span> <span class='ocrx_word' id='word_1_313' title='bbox 1684 2445 1725 2478; x_wconf 88' lang='lat' dir='ltr'>in</span> <span class='ocrx_word' id='word_1_314' title='bbox 1761 2456 1819 2478; x_wconf 85' lang='lat' dir='ltr'>ca-</span> 
     </span>
     <span class='ocr_line' id='line_1_37' title="bbox 195 2492 1821 2546; baseline -0.009 -8"><span class='ocrx_word' id='word_1_315' title='bbox 195 2503 395 2546; x_wconf 80' lang='lat' dir='ltr'>lendari03</span> <span class='ocrx_word' id='word_1_316' title='bbox 425 2503 517 2537; x_wconf 84' lang='lat'>...30.</span> <span class='ocrx_word' id='word_1_317' title='bbox 549 2502 588 2535; x_wconf 88' lang='lat' dir='ltr'>Si</span> <span class='ocrx_word' id='word_1_318' title='bbox 616 2501 811 2536; x_wconf 85' lang='lat' dir='ltr'>terminus</span> <span class='ocrx_word' id='word_1_319' title='bbox 838 2513 860 2534; x_wconf 87' lang='lat' dir='ltr'>a</span> <span class='ocrx_word' id='word_1_320' title='bbox 887 2510 962 2544; x_wconf 90' lang='lat' dir='ltr'>quo</span> <span class='ocrx_word' id='word_1_321' title='bbox 989 2509 1067 2531; x_wconf 88' lang='lat' dir='ltr'>non</span> <span class='ocrx_word' id='word_1_322' title='bbox 1095 2495 1291 2531; x_wconf 80' lang='lat' dir='ltr'>coincidat</span> <span class='ocrx_word' id='word_1_323' title='bbox 1319 2506 1406 2528; x_wconf 86' lang='lat' dir='ltr'>cum</span> <span class='ocrx_word' id='word_1_324' title='bbox 1433 2494 1550 2527; x_wconf 85' lang='lat' dir='ltr'>initio</span> <span class='ocrx_word' id='word_1_325' title='bbox 1590 2493 1708 2527; x_wconf 87' lang='lat' dir='ltr'>diei...</span> <span class='ocrx_word' id='word_1_326' title='bbox 1746 2492 1821 2536; x_wconf 76' lang='lat' dir='ltr'>pri-</span> 
     </span>
     <span class='ocr_line' id='line_1_38' title="bbox 195 2539 1821 2593; baseline -0.008 -8"><span class='ocrx_word' id='word_1_327' title='bbox 195 2563 282 2585; x_wconf 88' lang='lat' dir='ltr'>mus</span> <span class='ocrx_word' id='word_1_328' title='bbox 308 2551 391 2584; x_wconf 73' lang='lat' dir='ltr'>dies</span> <span class='ocrx_word' id='word_1_329' title='bbox 417 2562 465 2584; x_wconf 90' lang='lat' dir='ltr'>ne</span> <span class='ocrx_word' id='word_1_330' title='bbox 492 2555 743 2593; x_wconf 84' lang='lat' dir='ltr'>computetur</span> <span class='ocrx_word' id='word_1_331' title='bbox 769 2552 808 2582; x_wconf 88' lang='lat' dir='ltr'>et</span> <span class='ocrx_word' id='word_1_332' title='bbox 834 2552 990 2591; x_wconf 85' lang='lat' dir='ltr'>tempus</span> <span class='ocrx_word' id='word_1_333' title='bbox 1008 2545 1172 2578; x_wconf 83' lang='lat' dir='ltr'>finiatur</span> <span class='ocrx_word' id='word_1_334' title='bbox 1198 2542 1355 2587; x_wconf 83' lang='lat' dir='ltr'>expleto</span> <span class='ocrx_word' id='word_1_335' title='bbox 1382 2541 1524 2575; x_wconf 81' lang='lat' dir='ltr'>ultimo</span> <span class='ocrx_word' id='word_1_336' title='bbox 1552 2540 1613 2574; x_wconf 84' lang='lat' dir='ltr'>die</span> <span class='ocrx_word' id='word_1_337' title='bbox 1647 2539 1821 2574; x_wconf 81' lang='lat' dir='ltr'>eiusdem</span> 
     </span>
     <span class='ocr_line' id='line_1_39' title="bbox 196 2592 1820 2639; baseline -0.008 -7"><span class='ocrx_word' id='word_1_338' title='bbox 196 2599 351 2632; x_wconf 83' lang='lat' dir='ltr'>numeri</span> <span class='ocrx_word' id='word_1_339' title='bbox 369 2610 375 2638; x_wconf 84' lang='lat'>;</span> <span class='ocrx_word' id='word_1_340' title='bbox 405 2600 454 2631; x_wconf 75' lang='lat'>4⁰.</span> <span class='ocrx_word' id='word_1_341' title='bbox 475 2597 585 2639; x_wconf 85' lang='lat' dir='ltr'>Quod</span> <span class='ocrx_word' id='word_1_342' title='bbox 605 2597 637 2630; x_wconf 86' lang='lat' dir='ltr'>si</span> <span class='ocrx_word' id='word_1_343' title='bbox 658 2596 803 2629; x_wconf 86' lang='lat' dir='ltr'>mensis</span> <span class='ocrx_word' id='word_1_344' title='bbox 822 2594 884 2628; x_wconf 86' lang='lat' dir='ltr'>die</span> <span class='ocrx_word' id='word_1_345' title='bbox 903 2592 1080 2627; x_wconf 83' lang='lat' dir='ltr'>eiusdem</span> <span class='ocrx_word' id='word_1_346' title='bbox 1099 2592 1251 2625; x_wconf 85' lang='lat' dir='ltr'>numeri</span> <span class='ocrx_word' id='word_1_347' title='bbox 1271 2593 1412 2631; x_wconf 77' lang='lat' dir='ltr'>careat,</span> <span class='ocrx_word' id='word_1_348' title='bbox 1433 2600 1494 2622; x_wconf 84' lang='lat' dir='ltr'>ex,</span> <span class='ocrx_word' id='word_1_349' title='bbox 1513 2599 1569 2632; x_wconf 84' lang='lat' dir='ltr'>gr.</span> <span class='ocrx_word' id='word_1_350' title='bbox 1592 2598 1696 2621; x_wconf 88' lang='lat' dir='ltr'>unus</span> <span class='ocrx_word' id='word_1_351' title='bbox 1714 2598 1820 2620; x_wconf 88' lang='lat' dir='ltr'>men-</span> 
     </span>
     <span class='ocr_line' id='line_1_40' title="bbox 197 2634 1818 2685; baseline -0.009 -5"><span class='ocrx_word' id='word_1_352' title='bbox 197 2646 251 2680; x_wconf 85' lang='lat' dir='ltr'>sis</span> <span class='ocrx_word' id='word_1_353' title='bbox 277 2657 299 2679; x_wconf 91' lang='lat' dir='ltr'>a</span> <span class='ocrx_word' id='word_1_354' title='bbox 325 2645 386 2679; x_wconf 87' lang='lat' dir='ltr'>die</span> <span class='ocrx_word' id='word_1_355' title='bbox 411 2645 457 2679; x_wconf 85' lang='lat'>30</span> <span class='ocrx_word' id='word_1_356' title='bbox 483 2644 665 2683; x_wconf 81' lang='lat' dir='ltr'>Ianuarii,</span> <span class='ocrx_word' id='word_1_357' title='bbox 694 2650 829 2676; x_wconf 87' lang='lat' dir='ltr'>tunc...</span> <span class='ocrx_word' id='word_1_358' title='bbox 851 2646 1007 2685; x_wconf 84' lang='lat' dir='ltr'>tempus</span> <span class='ocrx_word' id='word_1_359' title='bbox 1025 2639 1226 2672; x_wconf 85' lang='lat' dir='ltr'>finiatur...</span> <span class='ocrx_word' id='word_1_360' title='bbox 1245 2636 1402 2681; x_wconf 81' lang='lat' dir='ltr'>expleto</span> <span class='ocrx_word' id='word_1_361' title='bbox 1420 2635 1562 2669; x_wconf 85' lang='lat' dir='ltr'>ultimo</span> <span class='ocrx_word' id='word_1_362' title='bbox 1577 2634 1638 2668; x_wconf 88' lang='lat' dir='ltr'>die</span> <span class='ocrx_word' id='word_1_363' title='bbox 1657 2635 1818 2668; x_wconf 85' lang='lat' dir='ltr'>mensis.</span> 
     </span>
    </p>

    <p class='ocr_par' dir='ltr' id='par_1_8' title="bbox 199 2682 1822 2782">
     <span class='ocr_line' id='line_1_41' title="bbox 312 2682 1822 2729; baseline -0.009 -2"><span class='ocrx_word' id='word_1_364' title='bbox 312 2693 326 2715; x_wconf 72' lang='lat'>‘³</span> <span class='ocrx_word' id='word_1_365' title='bbox 353 2692 444 2726; x_wconf 88' lang='lat' dir='ltr'>Can.</span> <span class='ocrx_word' id='word_1_366' title='bbox 474 2692 551 2725; x_wconf 66' lang='lat'>185.</span> <span class='ocrx_word' id='word_1_367' title='bbox 583 2691 640 2725; x_wconf 93' lang='lat' dir='ltr'>Ob</span> <span class='ocrx_word' id='word_1_368' title='bbox 668 2691 831 2724; x_wconf 80' lang='lat' dir='ltr'>tacitam</span> <span class='ocrx_word' id='word_1_369' title='bbox 850 2687 1188 2722; x_wconf 76' lang='lat' dir='ltr'>renunciationem</span> <span class='ocrx_word' id='word_1_370' title='bbox 1208 2684 1254 2718; x_wconf 87' lang='lat' dir='ltr'>ab</span> <span class='ocrx_word' id='word_1_371' title='bbox 1278 2685 1360 2729; x_wconf 78' lang='lat' dir='ltr'>ipso</span> <span class='ocrx_word' id='word_1_372' title='bbox 1380 2683 1463 2716; x_wconf 87' lang='lat' dir='ltr'>iure</span> <span class='ocrx_word' id='word_1_373' title='bbox 1482 2682 1691 2716; x_wconf 85' lang='lat' dir='ltr'>admissam</span> <span class='ocrx_word' id='word_1_374' title='bbox 1711 2692 1822 2725; x_wconf 85' lang='lat' dir='ltr'>quae-</span> 
     </span>
     <span class='ocr_line' id='line_1_42' title="bbox 199 2730 1722 2782; baseline -0.009 -8"><span class='ocrx_word' id='word_1_375' title='bbox 199 2740 297 2774; x_wconf 80' lang='lat' dir='ltr'>libet</span> <span class='ocrx_word' id='word_1_376' title='bbox 323 2738 452 2774; x_wconf 82' lang='lat' dir='ltr'>officia</span> <span class='ocrx_word' id='word_1_377' title='bbox 479 2747 619 2772; x_wconf 80' lang='lat' dir='ltr'>vacant</span> <span class='ocrx_word' id='word_1_378' title='bbox 647 2739 730 2782; x_wconf 85' lang='lat' dir='ltr'>ipso</span> <span class='ocrx_word' id='word_1_379' title='bbox 756 2736 858 2770; x_wconf 80' lang='lat' dir='ltr'>facto</span> <span class='ocrx_word' id='word_1_380' title='bbox 885 2742 925 2769; x_wconf 88' lang='lat' dir='ltr'>et</span> <span class='ocrx_word' id='word_1_381' title='bbox 951 2735 1035 2768; x_wconf 86' lang='lat' dir='ltr'>sine</span> <span class='ocrx_word' id='word_1_382' title='bbox 1062 2733 1143 2767; x_wconf 77' lang='lat' dir='ltr'>ulla</span> <span class='ocrx_word' id='word_1_383' title='bbox 1170 2731 1446 2774; x_wconf 79' lang='lat' dir='ltr'>declaratione,</span> <span class='ocrx_word' id='word_1_384' title='bbox 1477 2730 1510 2763; x_wconf 86' lang='lat' dir='ltr'>si</span> <span class='ocrx_word' id='word_1_385' title='bbox 1536 2730 1722 2763; x_wconf 85' lang='lat' dir='ltr'>clericus:</span> 
     </span>
    </p>

    <p class='ocr_par' dir='ltr' id='par_1_9' title="bbox 199 2774 1826 2926">
     <span class='ocr_line' id='line_1_43' title="bbox 316 2774 1824 2826; baseline -0.009 -5"><span class='ocrx_word' id='word_1_386' title='bbox 316 2787 364 2822; x_wconf 75' lang='grc'>70.</span> <span class='ocrx_word' id='word_1_387' title='bbox 391 2786 583 2820; x_wconf 83' lang='lat' dir='ltr'>Habitum</span> <span class='ocrx_word' id='word_1_388' title='bbox 610 2784 919 2819; x_wconf 82' lang='lat' dir='ltr'>ecclesiasticum</span> <span class='ocrx_word' id='word_1_389' title='bbox 946 2781 1099 2826; x_wconf 80' lang='lat' dir='ltr'>propria</span> <span class='ocrx_word' id='word_1_390' title='bbox 1125 2779 1359 2814; x_wconf 63' lang='lat' dir='ltr'>auctoritate</span> <span class='ocrx_word' id='word_1_391' title='bbox 1385 2778 1471 2811; x_wconf 88' lang='lat' dir='ltr'>sine</span> <span class='ocrx_word' id='word_1_392' title='bbox 1498 2778 1603 2810; x_wconf 85' lang='lat' dir='ltr'>iusta</span> <span class='ocrx_word' id='word_1_393' title='bbox 1628 2786 1746 2810; x_wconf 85' lang='lat' dir='ltr'>causa</span> <span class='ocrx_word' id='word_1_394' title='bbox 1763 2774 1824 2808; x_wconf 88' lang='lat' dir='ltr'>de-</span> 
     </span>
     <span class='ocr_line' id='line_1_44' title="bbox 199 2823 1826 2879; baseline -0.009 -10"><span class='ocrx_word' id='word_1_395' title='bbox 199 2835 376 2879; x_wconf 86' lang='lat' dir='ltr'>posuerit</span> <span class='ocrx_word' id='word_1_396' title='bbox 402 2845 473 2868; x_wconf 83' lang='lat' dir='ltr'>nec</span> <span class='ocrx_word' id='word_1_397' title='bbox 499 2833 612 2866; x_wconf 84' lang='lat' dir='ltr'>illum</span> <span class='ocrx_word' id='word_1_398' title='bbox 638 2832 684 2866; x_wconf 88' lang='lat' dir='ltr'>ab</span> <span class='ocrx_word' id='word_1_399' title='bbox 712 2830 920 2866; x_wconf 78' lang='lat' dir='ltr'>Ordinario</span> <span class='ocrx_word' id='word_1_400' title='bbox 946 2829 1136 2863; x_wconf 85' lang='lat' dir='ltr'>monitus.</span> <span class='ocrx_word' id='word_1_401' title='bbox 1165 2828 1270 2860; x_wconf 84' lang='lat' dir='ltr'>intra</span> <span class='ocrx_word' id='word_1_402' title='bbox 1288 2836 1460 2859; x_wconf 84' lang='lat' dir='ltr'>mensem</span> <span class='ocrx_word' id='word_1_403' title='bbox 1486 2835 1507 2858; x_wconf 81' lang='lat' dir='ltr'>a</span> <span class='ocrx_word' id='word_1_404' title='bbox 1533 2823 1751 2858; x_wconf 81' lang='lat' dir='ltr'>monitione</span> <span class='ocrx_word' id='word_1_405' title='bbox 1769 2832 1826 2855; x_wconf 85' lang='lat' dir='ltr'>re-</span> 
     </span>
     <span class='ocr_line' id='line_1_45' title="bbox 201 2881 604 2926; baseline -0.005 -11"><span class='ocrx_word' id='word_1_406' title='bbox 201 2886 315 2926; x_wconf 84' lang='lat' dir='ltr'>cepta</span> <span class='ocrx_word' id='word_1_407' title='bbox 339 2881 604 2926; x_wconf 86' lang='lat' dir='ltr'>resumpserit.</span> 
     </span>
    </p>
   </div>
  </div>
 </body>
</html>
