1981 3182
0 0 211 75 ΓΝἻῪΨ
222 0 250 14 ⁸.·:
264 0 289 8 ··““
307 0 346 19 'J‘
362 3 366 6 ·
520 0 524 2 ”

6 87 11 94 η

514 144 599 179 Trr.
627 144 774 178 XVIII.
805 164 817 170 ·
842 144 899 179 De
923 145 996 179 del.
1019 146 1062 178 in
1086 145 1171 178 coll.
1193 145 1276 179 ben.
1295 145 1383 178 eccl.
1694 144 1763 178 305

142 265 208 301 ficii
248 275 328 300 cum
368 263 481 310 priore
510 262 794 308 incompatibilis‚
823 262 919 307 prius
1038 260 1122 295 CAN.
1144 259 1236 296 ‘2398
1273 283 1289 287 -
1310 260 1344 296 Si
1365 261 1442 307 quis
1468 262 1510 296 ad
1527 261 1763 307 episcopatum

140 323 278 359 quoque
317 312 466 346 retinere
503 310 773 356 praesumpserit
798 313 918 344 contra
991 314 1178 353 promotus,
1197 313 1319 343 contra
1340 309 1590 354 praescriptum
1605 319 1681 343 can.
1697 307 1762 343 333

143 359 394 406 praescriptum
425 369 504 393 can.
535 355 615 398 156,
648 355 748 398 1439,
775 361 919 401 utroque
992 356 1082 391 intra
1101 361 1168 391 tres
1187 366 1324 391 menses
1342 356 1637 391 consecrationem
1657 355 1765 390 susci-

143 407 298 453 privatus
326 406 400 450 ipso
427 406 500 440 iure
525 404 678 439 exsistat.
993 413 1070 447 pere
1097 403 1298 447 neglexerit,
1329 403 1461 438 fructus
1480 413 1550 437 non
1576 402 1656 438 facit
1674 413 1765 443 suos

190 452 275 489 CAN.
304 451 407 487 2397.
429 472 445 478 -
474 451 508 487 Si
537 451 615 496 quis
639 451 683 486 ad
710 449 916 495 dignitatem
992 449 1141 485 fabricae
1167 450 1330 485 ecclesiae
1356 450 1564 486 cathedralis
1590 449 1767 495 applican-

139 500 396 536 cardinalitiam
439 504 626 545 promotuS‚
658 497 915 533 iusiurandum.
989 497 1070 532 dos:
1099 502 1130 531 et
1157 497 1183 531 si
1214 501 1328 543 postea
1355 497 1389 532 in
1417 497 1536 532 eadem
1554 496 1766 541 negligentia

139 548 182 584 de
208 558 276 594 quo
300 547 337 581 in
357 557 435 582 can.
458 544 540 586 234,
560 546 717 580 emittere
742 554 919 580 recusave-
991 554 1049 589 per
1076 544 1217 579 totidem
1245 555 1382 579 menses
1411 545 1608 590 perstiterit,
1636 544 1765 590 episco-

141 595 198 634 rit,
219 595 294 641 ipso
313 594 400 629 facto
418 593 639 629 cardinalitia
664 591 834 637 dignitate
854 591 918 637 pri·
991 597 1072 636 patu
1100 591 1255 637 privatus
1283 591 1356 637 ipso
1385 592 1457 626 iure
1484 596 1614 632 manet,

141 647 242 677 vatus
270 646 432 688 perpetuo
459 644 608 676 maneat.

873 765 915 769 —
942 749 1063 779 contra
1090 744 1283 780 libertatem
1311 745 1384 780 eius
1557 744 1644 781 Can.
1674 743 1764 779 2390

137 793 393 831 TitulusXVlll
434 815 477 818 —
505 803 564 839 per
588 792 791 828 electionem
812 812 851 816 —-

140 842 186 879 De
204 842 338 878 delictis
358 842 392 877 in
865 851 917 866 ¹—
943 838 1093 873 scienter
1109 839 1233 874 factam
1253 839 1295 874 dc
1315 839 1459 884 indigno
1478 839 1529 874 vel

160 890 343 926 collatione
374 911 416 915 —
895 895 963 919 non
995 891 1130 921 servata
1164 886 1386 922 substantiali
1423 887 1531 922 forma
1607 901 1620 918 n
1675 884 1760 921 2391

723 1001 771 1031 Γ-
799 992 858 1028 per
892 981 1078 1017 simoniam
1606 995 1619 1012 υ
1674 979 1765 1015 2399.

433 1051 474 1055 —
505 1029 641 1065 diversa
671 1035 724 1071 —l

723 1083 767 1101 ³-
801 1076 958 1121 neglecta
993 1076 1197 1111 auctoritate
1227 1075 1321 1110 illius
1354 1075 1395 1110 ad
1428 1086 1530 1121 quem

753 1124 901 1170 pertinet
1605 1137 1618 1155 υ
1674 1121 1766 1157 2393

770 1241 819 1274 Ι-
848 1230 906 1272 per
931 1219 1194 1272 occupationem
1227 1218 1277 1254 vel
1304 1223 1386 1254 ante
1413 1229 1530 1254 neces-

770 1275 773 1320 3
798 1278 908 1302 sarias
935 1268 1066 1302 litteras
1603 1279 1618 1297 »
1672 1263 1763 1299 2394

433 1382 476 1386 —
504 1360 686 1406 illegitima
718 1344 819 1386 -,—
849 1372 907 1407 per
924 1360 1197 1406 acceptationem
1221 1366 1253 1395 et
1278 1361 1528 1406 possessionem

801 1419 869 1443 non
900 1408 1097 1444 vacantium
1125 1408 1166 1444 de
1193 1408 1266 1444 iure
1605 1422 1620 1440 »
1675 1406 1766 1442 2395

779 1523 820 1527 —
850 1513 908 1548 per
939 1503 1168 1538 retentionem
1202 1503 1326 1549 prioris
1354 1502 1529 1548 incompa-

800 1549 908 1586 tlblllS
1604 1565 1616 1581 υ
1672 1547 1762 1584 2396

135 1597 355 1644 susceptione
375 1618 416 1622 —

771 1665 820 1720 Ι-
855 1644 1110 1697 cardinalitiae,
1132 1644 1325 1679 recusando
1357 1644 1528 1678 iusiuran—
1698 1690 1704 1701 ί
1745 1690 1763 1700 ᾗ

434 1735 477 1739 -
504 1713 686 1759 dignitatis
716 1722 773 1740 —w
800 1691 884 1726 dum
911 1696 1067 1727 emittere
1605 1705 1618 1722 »
1673 1688 1761 1725 2391

771 1732 820 1812 l-
847 1785 1065 1831 episcopalis,
1082 1786 1290 1831 negligendo
1304 1784 1531 1821 consecratio-

800 1843 879 1867 nem
906 1833 1080 1879 suscipere
1602 1845 1616 1863 »
1672 1828 1764 1865 '2398

795 1948 844 1956 ,-.
872 1927 1029 1969 maiores,
1059 1939 1187 1962 munus
1213 1927 1276 1962 sibi
1301 1927 1526 1962 commissum

262 1979 296 2010 et
794 1973 796 2006 l
823 1975 979 2010 deserere
1007 1980 1267 2021 praesumentes
1603 1988 1616 2005 ι)
1671 1972 1763 2008 2399

134 2021 338 2057 dimissione
372 2042 415 2049 —
650 2045 655 2051 ·
794 2024 795 2038 ¹

435 2065 474 2070 “”
501 2056 558 2091 per
576 2045 717 2081 “lemos
738 2066 841 2097 ''1—
870 2069 904 2103 in
934 2081 1060 2104 manus
1087 2069 1252 2104 laicorum
1285 2070 1503 2113 resignantes
1602 2082 1617 2100 ι)
1671 2065 1762 2102 2400

159 2187 372 2242 &Quinum
807 2164 1091 2247 —tioffirsistcntes
1127 2164 1161 2198 in
1196 2163 1375 2209 illegitima
1412 2163 1529 2199 deten-
1601 2225 1615 2242 n
1671 2207 1756 2244 240¹

143 2234 334 2287 officiorum
361 2239 394 2270 et

143 2280 393 2349 beP⁰fi⁰J⁰r¹3m
434 2326 476 2330 ——
506 2316 563 2351 per
590 2305 759 2341 Abbatem
792 2306 843 2341 vel
873 2306 1067 2341 l'raelatnm
1095 2306 1226 2341 nullius
1262 2317 1332 2341 non
1361 2305 1526 2351 recipien-

163 2330 412 2412 ezgllffgsltb—
456 2352 499 2388 do
526 2352 802 2389 benedictionem
1600 2367 1615 2384 »
1670 2350 1761 2386 ‘2402

434 2469 478 2473 —
505 2447 737 2493 negligentiae
764 2448 798 2482 in
829 2447 908 2483 fidei
939 2448 1150 2494 professione
1176 2448 1366 2484 emittenda
1600 2462 1614 2479 »
1669 2444 1760 2481 2403

256 2589 351 2632 233.
375 2592 630 2647 Inscriptio
647 2592 853 2636 tituti.-
874 2590 1031 2634 Deinde
1056 2590 1374 2647 perpendendus
1392 2588 1760 2633 est'l'itulusXVlll

135 2661 194 2703 sic
228 2662 471 2717 inscriptus:
509 2660 566 2704 De
598 2660 764 2704 delict-is
801 2663 1032 2705 commissis
1066 2661 1106 2704 in
1142 2661 1368 2704 collatione
1400 2676 1448 2704 ex
1486 2667 1600 2718 parte
1632 2661 1759 2717 Supe-

137 2733 258 2775 rioris
289 2731 556 2776 ecclesiastici
591 2732 852 2790 aliorumque
876 2734 1257 2787 intervenientium,
1281 2733 1543 2790 susceptione
1570 2746 1618 2776 ex
1647 2736 1761 2789 parte

258 2883 269 2905 ¹
298 2882 394 2917 Vide
423 2895 592 2918 canones
619 2884 660 2918 in
685 2895 800 2929 pagg.
828 2886 910 2927 304,
935 2887 1015 2921 312.

222 2961 316 2989 BLAT
336 2977 357 2983 -
384 2961 505 2990 Comm.
536 2963 618 2990 Text.
645 2962 719 2991 Cod.
742 2963 814 2991 Iur.
841 2964 923 2992 Can.
1639 2964 1678 2992 20
