1981 3182
184 139 278 176 Gan.
304 138 399 173 2280
581 138 666 173 Trr.
695 138 802 173 VIII.
831 159 843 164 -
869 139 925 173 De
945 142 1083 183 poenis
1109 140 1408 175 medicinalibus
1742 145 1808 179 163

191 258 285 301 «de
323 260 402 301 vita
437 262 475 301 et
515 257 727 301 honestate
770 257 1015 301 clericorum
1041 274 1062 298 ))
1100 258 1178 313 (111,
1216 259 1256 314 1)
1288 259 1366 302 illis
1403 260 1562 304 verbis:
1601 277 1620 302 α
1644 263 1683 306 Si
1718 266 1810 320 quis

187 330 312 385 igitur
346 328 420 371 hac
455 329 505 371 de
538 341 661 372 causa
694 341 917 383 suspensus
942 331 1264 384 praesumpserit
1287 329 1498 374 celebrare
1521 332 1663 376 divina
1686 348 1726 385 >),
1756 336 1810 377 ita

187 401 310 442 etiam
346 401 384 441 in
421 399 464 441 6Ο
498 398 774 442 Decretalium
826 403 1110 441 memorantur
1157 399 1261 442 aliae
1310 404 1612 456 suspensiones,
1645 404 1810 460 quando

188 469 342 512 dicitur
367 469 403 511 ¹:
443 484 463 509 ((
486 468 535 511 Et
568 468 837 511 nihilominus
872 467 1087 524 praelatos,
1123 471 1191 525 qui
1226 482 1344 512 secus
1379 471 1564 524 fecerint,
1589 474 1675 528 ipso
1704 474 1811 516 facto

187 538 238 582 ab
271 540 406 582 officio
440 544 476 582 et
511 539 881 593 administratione,
905 537 1078 581 clericos
1101 541 1223 581 etiam
1250 541 1318 595 qui
1342 542 1518 584 scientes
1541 548 1681 585 contra
1707 543 1811 586 inhi-

189 609 383 653 bitionem
421 609 674 665 praedictam
700 608 856 666 aliquid
881 621 969 652 esse
995 614 1322 665 praesumptum,
1357 610 1394 653 id
1428 614 1629 667 superiori
1654 613 1812 656 denun-

188 683 290 724 tiare
325 680 596 737 neglexerint,
630 692 651 722 a
686 681 950 735 perceptione
985 678 1426 737 benetici01·um,quae
1462 684 1499 723 in
1534 683 1708 735 ecclesia
1741 684 1811 728 ob-

187 754 317 795 tinent
350 754 408 794 516
441 755 629 807 gravata,
663 752 839 793 triennio
882 752 1101 793 statuimus
1140 764 1228 793 esse
1270 764 1552 807 suspensos».
1586 753 1718 797 Huius
1750 769 1814 798 su-

187 823 418 879 spensionis
451 821 622 864 effectus
655 814 902 864 determinat
938 820 1056 876 plene
1090 835 1180 865 ean.
1214 824 1353 866 2980.
1381 822 1483 880 -ξ
1518 826 1551 867 1.
1588 824 1812 882 Suspensio

188 907 213 935 a
245 892 439 948 beneficio
475 896 516 934 ut
549 893 607 934 sic
640 892 681 947 a)
712 891 854 948 privat
887 890 1096 948 fructibus
1129 891 1329 948 beneficii,
1359 905 1460 949 quos
1494 907 1542 936 ex
1577 896 1665 937 eius
1699 908 1813 951 prae-

189 963 321 1007 benda
358 962 647 1006 beneficiarius
681 964 768 1005 iure
803 967 1075 1018 percepturus
1109 967 1226 1013 esset,
1267 965 1356 1006 sive
1396 965 1551 1007 reditus
1586 968 1812 1020 pecuniarii

187 1037 280 1089 sint,
314 1036 402 1077 sive
436 1034 594 1077 fructus
626 1035 729 1089 agri,
768 1036 857 1076 sive
901 1036 1076 1089 pretium
1124 1033 1337 1077 locationis
1378 1035 1538 1081 domus,
1586 1035 1648 1079 vel
1694 1037 1815 1081 huius

189 1104 446 1157 inhabitatio,
480 1109 733 1161 quapropter
766 1104 951 1147 additum
987 1109 1069 1148 est:
1105 1110 1277 1161 ercepta
1313 1104 1587 1161 habitatione,
1610 1120 1732 1164 quam
1761 1110 1816 1151 in-

188 1179 327 1233 cipere
354 1175 416 1218 vel
452 1177 647 1232 prosequi
686 1179 816 1230 potest
850 1177 1045 1231 gratuito,
1072 1175 1111 1217 in
1137 1174 1309 1217 aedibus
1333 1175 1642 1232 beneficialibus
1667 1178 1704 1221 id
1731 1184 1814 1223 est:

188 1246 237 1289 ad
287 1250 440 1289 sortem
492 1244 680 1289 beneticii
732 1245 1049 1301 pertinentibus,
1087 1246 1127 1301 11)
1164 1259 1242 1288 non
1287 1252 1422 1288 antem
1464 1247 1632 1303 supple:
1668 1249 1813 1293 eadem

195 1318 454 1372 «suspensio
489 1318 668 1372 privat»
703 1316 754 1359 ab
777 1316 1011 1359 exercendo
1047 1317 1138 1358 iare
1171 1316 1506 1360 administramli
1537 1317 1641 1361 bona
1675 1318 1816 1377 benefi-

189 1386 335 1440 cialia,
367 1386 475 1443 quod
512 1386 777 1429 beneficiario
809 1400 1007 1443 suspenso
1040 1389 1235 1443 competit
1270 1388 1318 1430 ad
1355 1400 1540 1431 normam
1572 1402 1662 1434 6311.
1688 1391 1816 1447 1476,

191 1458 275 1501 nisi
297 1457 504 1500 ‹tem-etum
533 1456 592 1498 rel
615 1457 823 1499 sententia
847 1457 1148 1514 suspensionis,
1184 1460 1317 1513 prouti
1354 1457 1453 1501 11366
1478 1459 1528 1501 de
1551 1472 1631 1517 qua
1665 1464 1815 1517 agitur,

191 1528 562 1573 extraiudicialiter
584 1528 645 1571 rel
673 1528 921 1580 iudicialiter
945 1530 1064 1571 suerit
1085 1530 1253 1578 inllicta,
1273 1534 1311 1572 et
1332 1529 1462 1586 ipsane
1483 1529 1817 1576 mlnn'm'strandi

187 1604 437 1658 potestatem¹
460 1612 660 1656 suspenso
685 1598 920 1642 huiusmodi
945 1612 1141 1656 erpresse
1165 1602 1202 1642 in
1227 1602 1315 1642 eius
1346 1605 1486 1643 tenore
1510 1600 1671 1644 (alimat
1693 1603 1815 1647 simul

190 1675 229 1713 et
261 1668 341 1712 atii
375 1668 547 1723 tribnat,
582 1682 659 1711 non
695 1671 803 1712 euim
840 1672 921 1725 pati
956 1669 1077 1713 (161161
1113 1672 1405 1726 patrimonium
1444 1671 1633 1715 beneticii
1668 1673 1720 1717 ob
1752 1674 1819 1717 (le-

191 1741 342 1784 fectum
378 1739 739 1782 administratoris.

307 1809 409 1853 Cum
445 1824 565 1853 nemo
598 1810 747 1853 delicat
782 1813 959 1854 retinere
993 1811 1171 1854 alienum
1215 1811 1354 1854 illicite
1392 1818 1644 1869 susceptum,
1678 1818 1819 1859 statuit

190 1885 493 1939 consequenter
525 1882 552 1939 ξ
584 1887 625 1924 3.
662 1882 720 1934 St,
755 1882 945 1938 quamvis
979 1896 1154 1923 censura
1189 1881 1318 1924 obstet
1352 1882 1402 1925 (16
1437 1896 1514 1940 qua
1552 1886 1588 1926 111
1623 1885 1650 1942 ξ
1679 1886 1730 1939 ls',
1755 1886 1817 1928 be-

193 1951 435 2008 neficiarius
471 1964 646 2008 peccans
678 1952 844 2009 fractas
875 1952 1085 2009 pereipiat
1118 1952 1169 1995 de
1205 1953 1310 1995 lacto
1343 1967 1389 1995 36
1424 1954 1607 2010 quolibet
1631 1970 1679 1998 ex
1707 1969 1821 2012 prae-

192 2027 320 2077 textu,
352 2021 519 2079 fructas
551 2025 608 2066 sic
644 2028 859 2080 perceptos
883 2023 1106 2065 restituere
1128 2022 1257 2076 debet,
1283 2024 1455 2079 proinde
1489 2027 1562 2082 ipsi
1597 2026 1820 2071 (1611116116-

192 2096 286 2141 11611,
321 2098 359 2135 et
393 2092 448 2135 ad
472 2092 578 2135 Itane
600 2094 911 2138 restitutionem
936 2098 973 2139 in
999 2099 1250 2140 conscientia
1276 2102 1313 2139 et
1338 2096 1493 2154 absque
1535 2097 1612 2140 ulla
1650 2101 1819 2154 praevia

191 2165 472 2209 declaratione
505 2170 572 2208 aut
609 2166 803 2209 mandato
839 2168 1117 2224 peragendam
1144 2167 1234 2225 eoyi
1253 2173 1390 2225 potest
1413 2168 1463 2211 al)
1491 2166 1716 2212 Ordiuario
1742 2169 1819 2213 loci

191 2235 327 2279 aliove
360 2236 582 2292 Superiore
615 2241 874 2292 competente
909 2238 1122 2281 canonicis
1156 2252 1329 2295 qnoque,
1367 2239 1580 2282 videlicet:
1607 2242 1644 2281 in
1669 2238 1820 2283 Codice

192 2305 420 2362 explicatis,
444 2305 482 2348 si
514 2319 616 2363 opas
648 2306 703 2348 sit
736 2307 786 2350 ad
820 2307 1090 2351 obtinendum
1118 2308 1231 2363 illud,
1256 2308 1543 2352 sanctionibus
1566 2323 1637 2353 seu
1664 2312 1817 2366 poenis.

312 2376 410 2419 110.
446 2378 727 2434 Amplitudo
761 2381 1100 2435 suspensionis
1144 2379 1315 2435 triplicis
1357 2379 1434 2423 sub
1468 2382 1491 2434 ,ξ
1526 2381 1548 2422 ι)
1582 2393 1670 2424 can.
1707 2381 1821 2424 2278

194 2449 350 2504 positae
383 2447 698 2501 determinatur,
732 2449 898 2506 quando
932 2449 1009 2493 1136
1042 2453 1332 2506 suspensiones
1364 2453 1443 2493 sint
1477 2451 1528 2494 ab
1562 2451 1727 2494 homine
1762 2454 1819 2494 in·

152 2535 156 2537 Δ
194 2519 342 2561 1116136.
379 2517 419 2561 111
454 2531 543 2574 cap.
582 2518 631 2561 27
673 2519 767 2562 «de
800 2520 1002 2563 electione
1036 2526 1073 2563 et
1108 2520 1225 2563 electi
1263 2526 1508 2577 potestate»
1537 2522 1584 2579 (l,
1610 2522 1652 2578 6)
1689 2525 1725 2564 in
1763 2522 1821 2565 6.0

195 2592 410 2645 postquam
445 2589 549 2632 dixit
585 2589 714 2634 Bonif.
753 2588 858 2634 titt:
889 2607 907 2631 «
936 2591 1058 2634 l'orro
1092 2605 1139 2634 eo
1173 2604 1285 2646 casu,
1310 2606 1402 2635 eum
1438 2594 1595 2636 scilicet
1630 2593 1822 2649 indignus

194 2659 361 2715 eligitur
393 2672 413 2702 a
449 2663 827 2716 compromissario,
863 2664 994 2718 ...ipse
1027 2662 1087 2718 (ut
1123 2675 1251 2718 poena
1285 2676 1404 2706 suum
1431 2668 1641 2707 auctorem
1670 2663 1822 2721 teneat)

194 2742 214 2773 a
251 2729 462 2773 beneticiis
495 2730 788 2774 ecclesiasticis
821 2734 1012 2787 triennio,
1047 2735 1158 2776 iuxta
1188 2732 1461 2777 Lateranense
1495 2733 1617 2777 Cone.
1651 2747 1821 2791 suspen-

290 2883 332 2926 (1)
362 2881 457 2927 Cap.
487 2884 509 2916 2
541 2899 553 2912 «
575 2883 620 2917 de
646 2883 762 2918 rebus
788 2884 974 2919 eeclesiae
1001 2897 1079 2919 non
1106 2885 1325 2921 alienandis
1346 2903 1358 2917 ›
1393 2887 1479 2930 (III,
1510 2888 1545 2930 9)
1573 2887 1614 2920 in
1642 2887 1691 2920 60.
