<?xml version="1.0" encoding="UTF-8"?>
<!DOCTYPE html PUBLIC "-//W3C//DTD XHTML 1.0 Transitional//EN"
    "http://www.w3.org/TR/xhtml1/DTD/xhtml1-transitional.dtd">
<html xmlns="http://www.w3.org/1999/xhtml" xml:lang="en" lang="en">
 <head>
  <title>
</title>
<meta http-equiv="Content-Type" content="text/html;charset=utf-8" />
  <meta name='ocr-system' content='tesseract 3.04.00' />
  <meta name='ocr-capabilities' content='ocr_page ocr_carea ocr_par ocr_line ocrx_word'/>
</head>
<body>
  <div class='ocr_page' id='page_1' title='image "./commentariumtext05blatuoft_0177.png"; bbox 0 0 1981 3182; ppageno 0'>
   <div class='ocr_carea' id='block_1_1' title="bbox 199 107 1824 154">
    <p class='ocr_par' dir='ltr' id='par_1_1' title="bbox 199 107 1824 154">
     <span class='ocr_line' id='line_1_1' title="bbox 199 107 1824 154; baseline -0.006 -6"><span class='ocrx_word' id='word_1_1' title='bbox 199 113 294 148; x_wconf 76' lang='lat' dir='ltr'>Can.</span> <span class='ocrx_word' id='word_1_2' title='bbox 321 111 527 147; x_wconf 76' lang='lat'>2283-2284</span> <span class='ocrx_word' id='word_1_3' title='bbox 599 111 684 145; x_wconf 77' lang='grc' dir='ltr'><strong>ΤΙΤ.</strong></span> <span class='ocrx_word' id='word_1_4' title='bbox 713 111 820 144; x_wconf 77' lang='lat' dir='ltr'>VIII.</span> <span class='ocrx_word' id='word_1_5' title='bbox 849 130 862 135; x_wconf 94' lang='lat'>-</span> <span class='ocrx_word' id='word_1_6' title='bbox 888 110 946 144; x_wconf 88' lang='lat' dir='ltr'>De</span> <span class='ocrx_word' id='word_1_7' title='bbox 969 112 1107 154; x_wconf 75' lang='lat' dir='ltr'>poenis</span> <span class='ocrx_word' id='word_1_8' title='bbox 1133 110 1432 144; x_wconf 73' lang='lat' dir='ltr'><em>medicinalibus</em></span> <span class='ocrx_word' id='word_1_9' title='bbox 1758 107 1824 140; x_wconf 83' lang='lat'>165</span> 
     </span>
    </p>
   </div>
   <div class='ocr_carea' id='block_1_2' title="bbox 701 169 1821 176">
    <p class='ocr_par' dir='ltr' id='par_1_2' title="bbox 701 169 1821 176">
     <span class='ocr_line' id='line_1_2' title="bbox 701 169 1821 176; baseline 0 0"><span class='ocrx_word' id='word_1_10' title='bbox 701 169 1821 176; x_wconf 95' lang='lat' dir='ltr'> </span> 
     </span>
    </p>
   </div>
   <div class='ocr_carea' id='block_1_3' title="bbox 199 227 1825 424">
    <p class='ocr_par' dir='ltr' id='par_1_3' title="bbox 199 227 1825 424">
     <span class='ocr_line' id='line_1_3' title="bbox 202 227 1825 287; baseline -0.004 -13"><span class='ocrx_word' id='word_1_11' title='bbox 202 246 335 287; x_wconf 82' lang='lat' dir='ltr'>v.·gr.</span> <span class='ocrx_word' id='word_1_12' title='bbox 370 233 547 287; x_wconf 78' lang='lat' dir='ltr'>optionis</span> <span class='ocrx_word' id='word_1_13' title='bbox 579 230 628 273; x_wconf 86' lang='lat' dir='ltr'>ad</span> <span class='ocrx_word' id='word_1_14' title='bbox 665 230 776 272; x_wconf 80' lang='lat' dir='ltr'>illan]</span> <span class='ocrx_word' id='word_1_15' title='bbox 800 230 1181 284; x_wconf 85' lang='lat' dir='ltr'>consequutionem.</span> <span class='ocrx_word' id='word_1_16' title='bbox 1208 254 1261 260; x_wconf 90' lang='lat'>-</span> <span class='ocrx_word' id='word_1_17' title='bbox 1291 244 1312 268; x_wconf 87' lang='lat'>&lt;‹</span> <span class='ocrx_word' id='word_1_18' title='bbox 1337 227 1395 272; x_wconf 82' lang='lat'>3.⁰</span> <span class='ocrx_word' id='word_1_19' title='bbox 1421 228 1659 270; x_wconf 72' lang='lat' dir='ltr'>Promoveii</span> <span class='ocrx_word' id='word_1_20' title='bbox 1683 227 1825 283; x_wconf 81' lang='lat' dir='ltr'>nequit</span> 
     </span>
     <span class='ocr_line' id='line_1_4' title="bbox 200 299 1822 353; baseline -0.005 -7"><span class='ocrx_word' id='word_1_21' title='bbox 200 303 249 346; x_wconf 86' lang='lat' dir='ltr'>ad</span> <span class='ocrx_word' id='word_1_22' title='bbox 285 302 513 345; x_wconf 82' lang='lat' dir='ltr'>ordines».</span> <span class='ocrx_word' id='word_1_23' title='bbox 547 301 588 344; x_wconf 78' lang='grc'>111</span> <span class='ocrx_word' id='word_1_24' title='bbox 624 299 931 343; x_wconf 81' lang='lat' dir='ltr'>extendendum</span> <span class='ocrx_word' id='word_1_25' title='bbox 971 303 1029 341; x_wconf 90' lang='lat' dir='ltr'>est</span> <span class='ocrx_word' id='word_1_26' title='bbox 1064 299 1348 341; x_wconf 86' lang='lat' dir='ltr'>tantummodo</span> <span class='ocrx_word' id='word_1_27' title='bbox 1382 299 1431 341; x_wconf 82' lang='lat' dir='ltr'>ad</span> <span class='ocrx_word' id='word_1_28' title='bbox 1466 300 1776 353; x_wconf 55' lang='lat' dir='ltr'>suspensionem</span> <span class='ocrx_word' id='word_1_29' title='bbox 1801 307 1822 339; x_wconf 84' lang='grc'><strong>3</strong></span> 
     </span>
     <span class='ocr_line' id='line_1_5' title="bbox 199 366 1823 424; baseline -0.005 -8"><span class='ocrx_word' id='word_1_30' title='bbox 199 377 312 416; x_wconf 89' lang='lat' dir='ltr'>certo</span> <span class='ocrx_word' id='word_1_31' title='bbox 346 377 384 416; x_wconf 88' lang='lat' dir='ltr'>et</span> <span class='ocrx_word' id='word_1_32' title='bbox 418 372 588 415; x_wconf 81' lang='lat' dir='ltr'>delinito</span> <span class='ocrx_word' id='word_1_33' title='bbox 622 371 766 413; x_wconf 84' lang='lat' dir='ltr'>ordine</span> <span class='ocrx_word' id='word_1_34' title='bbox 800 369 1034 412; x_wconf 85' lang='lat' dir='ltr'>exercendo</span> <span class='ocrx_word' id='word_1_35' title='bbox 1082 371 1118 410; x_wconf 69' lang='lat' dir='ltr'>vi</span> <span class='ocrx_word' id='word_1_36' title='bbox 1163 371 1405 424; x_wconf 72' lang='lat' dir='ltr'>praescripti</span> <span class='ocrx_word' id='word_1_37' title='bbox 1444 381 1532 412; x_wconf 86' lang='lat' dir='ltr'>can.</span> <span class='ocrx_word' id='word_1_38' title='bbox 1568 368 1695 420; x_wconf 73' lang='grc'><strong>2279,</strong></span> <span class='ocrx_word' id='word_1_39' title='bbox 1725 366 1753 424; x_wconf 59' lang='lat' dir='ltr'>g</span> <span class='ocrx_word' id='word_1_40' title='bbox 1786 366 1823 421; x_wconf 81' lang='grc'>2,</span> 
     </span>
    </p>
   </div>
   <div class='ocr_carea' id='block_1_4' title="bbox 202 442 352 489">
    <p class='ocr_par' dir='ltr' id='par_1_4' title="bbox 202 442 352 489">
     <span class='ocr_line' id='line_1_6' title="bbox 202 442 352 489; baseline -0.013 -3"><span class='ocrx_word' id='word_1_41' title='bbox 202 442 260 489; x_wconf 81' lang='grc'>11.0</span> <span class='ocrx_word' id='word_1_42' title='bbox 296 443 352 485; x_wconf 76' lang='lat'>50.</span> 
     </span>
    </p>
   </div>
   <div class='ocr_carea' id='block_1_5' title="bbox 149 508 1836 2902">
    <p class='ocr_par' dir='ltr' id='par_1_5' title="bbox 200 508 1829 1344">
     <span class='ocr_line' id='line_1_7' title="bbox 318 508 1825 567; baseline -0.005 -11"><span class='ocrx_word' id='word_1_43' title='bbox 318 511 423 566; x_wconf 85' lang='lat' dir='ltr'>Quia</span> <span class='ocrx_word' id='word_1_44' title='bbox 453 529 474 554; x_wconf 83' lang='grc'>(1</span> <span class='ocrx_word' id='word_1_45' title='bbox 498 512 565 556; x_wconf 90' lang='lat' dir='ltr'>ubi</span> <span class='ocrx_word' id='word_1_46' title='bbox 601 516 661 555; x_wconf 90' lang='lat' dir='ltr'>est</span> <span class='ocrx_word' id='word_1_47' title='bbox 683 512 829 567; x_wconf 84' lang='lat' dir='ltr'>eadem</span> <span class='ocrx_word' id='word_1_48' title='bbox 855 512 972 562; x_wconf 74' lang='grc'><strong>13111),</strong></span> <span class='ocrx_word' id='word_1_49' title='bbox 990 510 1134 552; x_wconf 82' lang='grc'><strong>83118111</strong></span> <span class='ocrx_word' id='word_1_50' title='bbox 1161 508 1281 552; x_wconf 87' lang='lat' dir='ltr'>debet</span> <span class='ocrx_word' id='word_1_51' title='bbox 1306 522 1394 552; x_wconf 90' lang='lat' dir='ltr'>esse</span> <span class='ocrx_word' id='word_1_52' title='bbox 1420 508 1524 565; x_wconf 81' lang='lat' dir='ltr'>legis</span> <span class='ocrx_word' id='word_1_53' title='bbox 1550 509 1762 564; x_wconf 78' lang='lat' dir='ltr'>dispositio</span> <span class='ocrx_word' id='word_1_54' title='bbox 1786 523 1825 561; x_wconf 76' lang='lat'>))‚</span> 
     </span>
     <span class='ocr_line' id='line_1_8' title="bbox 201 578 1825 638; baseline -0.005 -10"><span class='ocrx_word' id='word_1_55' title='bbox 201 598 278 628; x_wconf 93' lang='lat' dir='ltr'>non</span> <span class='ocrx_word' id='word_1_56' title='bbox 314 590 374 628; x_wconf 88' lang='lat' dir='ltr'>est</span> <span class='ocrx_word' id='word_1_57' title='bbox 407 583 578 627; x_wconf 88' lang='lat' dir='ltr'>dubium</span> <span class='ocrx_word' id='word_1_58' title='bbox 616 582 824 638; x_wconf 86' lang='lat' dir='ltr'>praedicta</span> <span class='ocrx_word' id='word_1_59' title='bbox 862 579 1013 635; x_wconf 76' lang='lat' dir='ltr'>ubique</span> <span class='ocrx_word' id='word_1_60' title='bbox 1060 579 1197 622; x_wconf 67' lang='lat' dir='ltr'>valere</span> <span class='ocrx_word' id='word_1_61' title='bbox 1248 580 1295 622; x_wconf 85' lang='lat' dir='ltr'>ad</span> <span class='ocrx_word' id='word_1_62' title='bbox 1348 592 1533 621; x_wconf 91' lang='lat' dir='ltr'>normam</span> <span class='ocrx_word' id='word_1_63' title='bbox 1574 592 1663 622; x_wconf 80' lang='lat' dir='ltr'>can.</span> <span class='ocrx_word' id='word_1_64' title='bbox 1698 578 1825 632; x_wconf 82' lang='grc'><strong>2282,</strong></span> 
     </span>
     <span class='ocr_line' id='line_1_9' title="bbox 200 650 1827 713; baseline -0.005 -15"><span class='ocrx_word' id='word_1_65' title='bbox 200 655 365 713; x_wconf 81' lang='lat' dir='ltr'>quando</span> <span class='ocrx_word' id='word_1_66' title='bbox 398 655 533 711; x_wconf 81' lang='lat' dir='ltr'>aliqua</span> <span class='ocrx_word' id='word_1_67' title='bbox 570 653 714 696; x_wconf 86' lang='lat' dir='ltr'>harum</span> <span class='ocrx_word' id='word_1_68' title='bbox 749 653 1065 707; x_wconf 78' lang='lat' dir='ltr'>suspensionum</span> <span class='ocrx_word' id='word_1_69' title='bbox 1091 652 1138 692; x_wconf 89' lang='lat' dir='ltr'>sit</span> <span class='ocrx_word' id='word_1_70' title='bbox 1170 666 1187 690; x_wconf 63' lang='lat' dir='ltr'>a</span> <span class='ocrx_word' id='word_1_71' title='bbox 1216 650 1319 692; x_wconf 85' lang='lat' dir='ltr'>latae</span> <span class='ocrx_word' id='word_1_72' title='bbox 1342 652 1583 703; x_wconf 77' lang='lat' dir='ltr'>sententiae,</span> <span class='ocrx_word' id='word_1_73' title='bbox 1608 652 1695 692; x_wconf 90' lang='lat' dir='ltr'>iure</span> <span class='ocrx_word' id='word_1_74' title='bbox 1719 662 1827 692; x_wconf 93' lang='lat' dir='ltr'>com-</span> 
     </span>
     <span class='ocr_line' id='line_1_10' title="bbox 203 711 1826 781; baseline -0.005 -12"><span class='ocrx_word' id='word_1_75' title='bbox 203 728 313 769; x_wconf 91' lang='lat' dir='ltr'>muni</span> <span class='ocrx_word' id='word_1_76' title='bbox 350 728 590 781; x_wconf 78' lang='lat' dir='ltr'>irrogata».</span> <span class='ocrx_word' id='word_1_77' title='bbox 617 723 792 778; x_wconf 84' lang='lat' dir='ltr'>Quando</span> <span class='ocrx_word' id='word_1_78' title='bbox 825 727 961 764; x_wconf 88' lang='lat' dir='ltr'>autem</span> <span class='ocrx_word' id='word_1_79' title='bbox 997 725 1144 777; x_wconf 80' lang='lat' dir='ltr'>agatur</span> <span class='ocrx_word' id='word_1_80' title='bbox 1177 720 1227 763; x_wconf 85' lang='lat' dir='ltr'>(le</span> <span class='ocrx_word' id='word_1_81' title='bbox 1259 722 1528 776; x_wconf 74' lang='lat' dir='ltr'>suspensione</span> <span class='ocrx_word' id='word_1_82' title='bbox 1561 720 1613 763; x_wconf 86' lang='lat' dir='ltr'>ab</span> <span class='ocrx_word' id='word_1_83' title='bbox 1646 711 1826 773; x_wconf 84' lang='lat' dir='ltr'>homine,</span> 
     </span>
     <span class='ocr_line' id='line_1_11' title="bbox 204 789 1824 848; baseline -0.004 -10"><span class='ocrx_word' id='word_1_84' title='bbox 204 796 265 840; x_wconf 87' lang='lat' dir='ltr'>vel</span> <span class='ocrx_word' id='word_1_85' title='bbox 302 796 407 839; x_wconf 87' lang='lat' dir='ltr'>latae</span> <span class='ocrx_word' id='word_1_86' title='bbox 440 796 667 837; x_wconf 84' lang='lat' dir='ltr'>sententiae</span> <span class='ocrx_word' id='word_1_87' title='bbox 700 792 770 836; x_wconf 89' lang='lat' dir='ltr'>sed</span> <span class='ocrx_word' id='word_1_88' title='bbox 808 795 896 835; x_wconf 91' lang='lat' dir='ltr'>iure</span> <span class='ocrx_word' id='word_1_89' title='bbox 931 791 1168 848; x_wconf 73' lang='lat' dir='ltr'>particulari</span> <span class='ocrx_word' id='word_1_90' title='bbox 1206 791 1373 843; x_wconf 69' lang='lat' dir='ltr'>inflicta,</span> <span class='ocrx_word' id='word_1_91' title='bbox 1415 793 1712 846; x_wconf 87' lang='lat' dir='ltr'>praescriptum</span> <span class='ocrx_word' id='word_1_92' title='bbox 1748 789 1824 833; x_wconf 87' lang='lat' dir='ltr'>sub</span> 
     </span>
     <span class='ocr_line' id='line_1_12' title="bbox 202 859 1825 921; baseline -0.004 -13"><span class='ocrx_word' id='word_1_93' title='bbox 202 879 238 908; x_wconf 92' lang='lat' dir='ltr'>n.</span> <span class='ocrx_word' id='word_1_94' title='bbox 274 864 318 907; x_wconf 84' lang='lat'>3⁰</span> <span class='ocrx_word' id='word_1_95' title='bbox 352 864 603 921; x_wconf 76' lang='lat' dir='ltr'>intelligatur</span> <span class='ocrx_word' id='word_1_96' title='bbox 653 863 820 919; x_wconf 79' lang='lat' dir='ltr'>ubique,</span> <span class='ocrx_word' id='word_1_97' title='bbox 869 876 916 904; x_wconf 86' lang='lat' dir='ltr'>eo</span> <span class='ocrx_word' id='word_1_98' title='bbox 964 861 1072 919; x_wconf 80' lang='lat' dir='ltr'>quod</span> <span class='ocrx_word' id='word_1_99' title='bbox 1123 861 1315 903; x_wconf 90' lang='lat' dir='ltr'>ordinum</span> <span class='ocrx_word' id='word_1_100' title='bbox 1357 863 1537 916; x_wconf 75' lang='lat' dir='ltr'>receptio</span> <span class='ocrx_word' id='word_1_101' title='bbox 1582 861 1731 916; x_wconf 81' lang='lat' dir='ltr'>pendet</span> <span class='ocrx_word' id='word_1_102' title='bbox 1773 859 1825 903; x_wconf 88' lang='lat' dir='ltr'>ab</span> 
     </span>
     <span class='ocr_line' id='line_1_13' title="bbox 200 930 1825 992; baseline -0.004 -13"><span class='ocrx_word' id='word_1_103' title='bbox 200 935 403 992; x_wconf 79' lang='lat' dir='ltr'>Episcopo</span> <span class='ocrx_word' id='word_1_104' title='bbox 438 936 616 991; x_wconf 88' lang='lat' dir='ltr'>proprio.</span> <span class='ocrx_word' id='word_1_105' title='bbox 655 934 909 989; x_wconf 82' lang='lat' dir='ltr'>l’raescripta</span> <span class='ocrx_word' id='word_1_106' title='bbox 943 937 1079 976; x_wconf 90' lang='lat' dir='ltr'>autem</span> <span class='ocrx_word' id='word_1_107' title='bbox 1115 932 1191 975; x_wconf 82' lang='lat' dir='ltr'>sul)</span> <span class='ocrx_word' id='word_1_108' title='bbox 1226 945 1337 974; x_wconf 91' lang='lat' dir='ltr'>num.</span> <span class='ocrx_word' id='word_1_109' title='bbox 1363 932 1404 973; x_wconf 74' lang='lat'>20</span> <span class='ocrx_word' id='word_1_110' title='bbox 1429 936 1467 974; x_wconf 86' lang='lat' dir='ltr'>et</span> <span class='ocrx_word' id='word_1_111' title='bbox 1492 931 1535 973; x_wconf 75' lang='grc' dir='ltr'>3Ο</span> <span class='ocrx_word' id='word_1_112' title='bbox 1560 930 1825 987; x_wconf 80' lang='lat' dir='ltr'>intelligenda</span> 
     </span>
     <span class='ocr_line' id='line_1_14' title="bbox 200 1003 1829 1062; baseline -0.004 -11"><span class='ocrx_word' id='word_1_113' title='bbox 200 1012 319 1051; x_wconf 86' lang='lat' dir='ltr'>eruut</span> <span class='ocrx_word' id='word_1_114' title='bbox 353 1008 583 1062; x_wconf 79' lang='lat' dir='ltr'>respective</span> <span class='ocrx_word' id='word_1_115' title='bbox 607 1005 742 1062; x_wconf 75' lang='lat' dir='ltr'>‹pioad</span> <span class='ocrx_word' id='word_1_116' title='bbox 770 1007 831 1047; x_wconf 87' lang='lat' dir='ltr'>ius</span> <span class='ocrx_word' id='word_1_117' title='bbox 855 1004 1049 1059; x_wconf 68' lang='lat' dir='ltr'>eligendi„</span> <span class='ocrx_word' id='word_1_118' title='bbox 1076 1003 1363 1059; x_wconf 89' lang='lat' dir='ltr'>praesentandi</span> <span class='ocrx_word' id='word_1_119' title='bbox 1389 1008 1427 1045; x_wconf 91' lang='lat' dir='ltr'>et</span> <span class='ocrx_word' id='word_1_120' title='bbox 1453 1003 1689 1046; x_wconf 90' lang='lat' dir='ltr'>nominandi</span> <span class='ocrx_word' id='word_1_121' title='bbox 1715 1015 1829 1044; x_wconf 82' lang='lat' dir='ltr'>exer-</span> 
     </span>
     <span class='ocr_line' id='line_1_15' title="bbox 200 1074 1829 1133; baseline -0.004 -11"><span class='ocrx_word' id='word_1_122' title='bbox 200 1078 376 1122; x_wconf 86' lang='lat' dir='ltr'>cendum</span> <span class='ocrx_word' id='word_1_123' title='bbox 413 1079 449 1119; x_wconf 94' lang='lat' dir='ltr'>in</span> <span class='ocrx_word' id='word_1_124' title='bbox 488 1079 650 1133; x_wconf 84' lang='lat' dir='ltr'>propria</span> <span class='ocrx_word' id='word_1_125' title='bbox 686 1076 864 1118; x_wconf 84' lang='lat' dir='ltr'>dioecesi</span> <span class='ocrx_word' id='word_1_126' title='bbox 899 1075 1188 1131; x_wconf 85' lang='lat' dir='ltr'>suspendentis</span> <span class='ocrx_word' id='word_1_127' title='bbox 1216 1074 1276 1116; x_wconf 73' lang='grc'>181</span> <span class='ocrx_word' id='word_1_128' title='bbox 1305 1088 1375 1130; x_wconf 89' lang='lat' dir='ltr'>pro</span> <span class='ocrx_word' id='word_1_129' title='bbox 1409 1086 1489 1130; x_wconf 76' lang='lat' dir='ltr'>qua</span> <span class='ocrx_word' id='word_1_130' title='bbox 1517 1075 1625 1129; x_wconf 68' lang='lat' dir='ltr'>riget</span> <span class='ocrx_word' id='word_1_131' title='bbox 1652 1075 1712 1115; x_wconf 87' lang='lat' dir='ltr'>ius</span> <span class='ocrx_word' id='word_1_132' title='bbox 1738 1085 1829 1128; x_wconf 87' lang='lat' dir='ltr'>par-</span> 
     </span>
     <span class='ocr_line' id='line_1_16' title="bbox 200 1143 1828 1203; baseline -0.004 -11"><span class='ocrx_word' id='word_1_133' title='bbox 200 1148 374 1192; x_wconf 85' lang='lat' dir='ltr'>ticulare</span> <span class='ocrx_word' id='word_1_134' title='bbox 400 1148 589 1203; x_wconf 81' lang='lat' dir='ltr'>infligens</span> <span class='ocrx_word' id='word_1_135' title='bbox 612 1149 948 1203; x_wconf 77' lang='lat' dir='ltr'>suspensionem;</span> <span class='ocrx_word' id='word_1_136' title='bbox 984 1151 1021 1188; x_wconf 88' lang='lat' dir='ltr'>et</span> <span class='ocrx_word' id='word_1_137' title='bbox 1046 1148 1154 1188; x_wconf 85' lang='lat' dir='ltr'>circa</span> <span class='ocrx_word' id='word_1_138' title='bbox 1177 1145 1412 1201; x_wconf 77' lang='lat' dir='ltr'>dignitates,</span> <span class='ocrx_word' id='word_1_139' title='bbox 1440 1145 1588 1197; x_wconf 79' lang='lat' dir='ltr'>ollicia,</span> <span class='ocrx_word' id='word_1_140' title='bbox 1613 1143 1828 1196; x_wconf 74' lang='lat' dir='ltr'>beneficia,</span> 
     </span>
     <span class='ocr_line' id='line_1_17' title="bbox 202 1214 1827 1276; baseline -0.004 -13"><span class='ocrx_word' id='word_1_141' title='bbox 202 1222 419 1276; x_wconf 82' lang='lat' dir='ltr'>pensiones</span> <span class='ocrx_word' id='word_1_142' title='bbox 452 1218 756 1261; x_wconf 77' lang='lat' dir='ltr'>ecclesiasticas</span> <span class='ocrx_word' id='word_1_143' title='bbox 789 1217 955 1260; x_wconf 63' lang='lat' dir='ltr'>aliudve</span> <span class='ocrx_word' id='word_1_144' title='bbox 990 1229 1139 1259; x_wconf 77' lang='lat' dir='ltr'>mimus</span> <span class='ocrx_word' id='word_1_145' title='bbox 1184 1218 1220 1257; x_wconf 95' lang='lat' dir='ltr'>in</span> <span class='ocrx_word' id='word_1_146' title='bbox 1266 1215 1448 1258; x_wconf 75' lang='lat' dir='ltr'>Ecclesia</span> <span class='ocrx_word' id='word_1_147' title='bbox 1486 1214 1721 1271; x_wconf 86' lang='lat' dir='ltr'>particulari</span> <span class='ocrx_word' id='word_1_148' title='bbox 1756 1227 1827 1257; x_wconf 89' lang='lat' dir='ltr'>seu</span> 
     </span>
     <span class='ocr_line' id='line_1_18' title="bbox 201 1287 1280 1344; baseline -0.006 -10"><span class='ocrx_word' id='word_1_149' title='bbox 201 1291 416 1340; x_wconf 79' lang='lat' dir='ltr'>dioecesis,</span> <span class='ocrx_word' id='word_1_150' title='bbox 454 1295 491 1332; x_wconf 94' lang='lat' dir='ltr'>ut</span> <span class='ocrx_word' id='word_1_151' title='bbox 530 1289 629 1332; x_wconf 76' lang='lat' dir='ltr'>llaec</span> <span class='ocrx_word' id='word_1_152' title='bbox 666 1288 786 1344; x_wconf 86' lang='lat' dir='ltr'>paulo</span> <span class='ocrx_word' id='word_1_153' title='bbox 820 1293 913 1330; x_wconf 84' lang='lat' dir='ltr'>ante</span> <span class='ocrx_word' id='word_1_154' title='bbox 950 1288 1022 1329; x_wconf 79' lang='lat' dir='ltr'>suit</span> <span class='ocrx_word' id='word_1_155' title='bbox 1057 1287 1280 1329; x_wconf 85' lang='lat' dir='ltr'>declarata.</span> 
     </span>
    </p>

    <p class='ocr_par' dir='ltr' id='par_1_6' title="bbox 200 1357 1831 2053">
     <span class='ocr_line' id='line_1_19' title="bbox 319 1357 1830 1417; baseline -0.004 -13"><span class='ocrx_word' id='word_1_156' title='bbox 319 1360 572 1417; x_wconf 86' lang='lat' dir='ltr'>Complendo</span> <span class='ocrx_word' id='word_1_157' title='bbox 605 1359 922 1415; x_wconf 69' lang='lat' dir='ltr'>applicatitmem</span> <span class='ocrx_word' id='word_1_158' title='bbox 949 1364 1056 1401; x_wconf 66' lang='lat' dir='ltr'>cair·</span> <span class='ocrx_word' id='word_1_159' title='bbox 1076 1357 1278 1409; x_wconf 44' lang='lat' dir='ltr'>&amp;missn-</span> <span class='ocrx_word' id='word_1_160' title='bbox 1315 1357 1564 1413; x_wconf 80' lang='lat' dir='ltr'>redigendus</span> <span class='ocrx_word' id='word_1_161' title='bbox 1588 1361 1693 1399; x_wconf 87' lang='lat' dir='ltr'>esset</span> <span class='ocrx_word' id='word_1_162' title='bbox 1726 1358 1830 1398; x_wconf 89' lang='lat' dir='ltr'>eius-</span> 
     </span>
     <span class='ocr_line' id='line_1_20' title="bbox 200 1429 1828 1489; baseline -0.004 -14"><span class='ocrx_word' id='word_1_163' title='bbox 200 1432 294 1475; x_wconf 87' lang='lat' dir='ltr'>dem</span> <span class='ocrx_word' id='word_1_164' title='bbox 313 1431 341 1489; x_wconf 66' lang='grc' dir='ltr'><strong>ξ</strong></span> <span class='ocrx_word' id='word_1_165' title='bbox 366 1431 387 1474; x_wconf 80' lang='grc'><strong>2</strong></span> <span class='ocrx_word' id='word_1_166' title='bbox 414 1430 566 1474; x_wconf 87' lang='lat' dir='ltr'>relatus</span> <span class='ocrx_word' id='word_1_167' title='bbox 588 1430 637 1473; x_wconf 93' lang='lat' dir='ltr'>ad</span> <span class='ocrx_word' id='word_1_168' title='bbox 663 1430 689 1486; x_wconf 57' lang='grc' dir='ltr'>ς’</span> <span class='ocrx_word' id='word_1_169' title='bbox 719 1430 729 1471; x_wconf 95' lang='grc'>1</span> <span class='ocrx_word' id='word_1_170' title='bbox 761 1433 944 1485; x_wconf 85' lang='lat' dir='ltr'>aptatum</span> <span class='ocrx_word' id='word_1_171' title='bbox 965 1436 1162 1484; x_wconf 80' lang='lat' dir='ltr'>utsupra.</span> <span class='ocrx_word' id='word_1_172' title='bbox 1188 1446 1209 1467; x_wconf 89' lang='lat'>«</span> <span class='ocrx_word' id='word_1_173' title='bbox 1235 1434 1255 1477; x_wconf 53' lang='grc' dir='ltr'>ξ</span> <span class='ocrx_word' id='word_1_174' title='bbox 1277 1429 1314 1469; x_wconf 80' lang='grc'>2.</span> <span class='ocrx_word' id='word_1_175' title='bbox 1351 1429 1475 1469; x_wconf 65' lang='lat' dir='ltr'>Actus</span> <span class='ocrx_word' id='word_1_176' title='bbox 1510 1432 1644 1469; x_wconf 90' lang='lat' dir='ltr'>tamen</span> <span class='ocrx_word' id='word_1_177' title='bbox 1672 1429 1828 1482; x_wconf 81' lang='lat' dir='ltr'>positus</span> 
     </span>
     <span class='ocr_line' id='line_1_21' title="bbox 202 1498 1829 1559; baseline -0.004 -13"><span class='ocrx_word' id='word_1_178' title='bbox 202 1507 344 1547; x_wconf 89' lang='lat' dir='ltr'>eontra</span> <span class='ocrx_word' id='word_1_179' title='bbox 379 1503 677 1559; x_wconf 83' lang='lat' dir='ltr'>praescriptum</span> <span class='ocrx_word' id='word_1_180' title='bbox 714 1507 738 1549; x_wconf 51' lang='grc' dir='ltr'>ᾗ</span> <span class='ocrx_word' id='word_1_181' title='bbox 776 1502 784 1542; x_wconf 95' lang='grc'>1</span> <span class='ocrx_word' id='word_1_182' title='bbox 830 1514 894 1544; x_wconf 93' lang='lat' dir='ltr'>nn.</span> <span class='ocrx_word' id='word_1_183' title='bbox 925 1500 960 1554; x_wconf 78' lang='lat' dir='ltr'>l,</span> <span class='ocrx_word' id='word_1_184' title='bbox 989 1503 1024 1553; x_wconf 72' lang='lat'>22,</span> <span class='ocrx_word' id='word_1_185' title='bbox 1051 1512 1128 1541; x_wconf 90' lang='lat' dir='ltr'>non</span> <span class='ocrx_word' id='word_1_186' title='bbox 1164 1504 1224 1541; x_wconf 85' lang='lat' dir='ltr'>est</span> <span class='ocrx_word' id='word_1_187' title='bbox 1259 1498 1407 1548; x_wconf 77' lang='lat' dir='ltr'>nullus,</span> <span class='ocrx_word' id='word_1_188' title='bbox 1428 1501 1500 1540; x_wconf 83' lang='lat' dir='ltr'>nisi</span> <span class='ocrx_word' id='word_1_189' title='bbox 1528 1500 1682 1554; x_wconf 88' lang='lat' dir='ltr'>positus</span> <span class='ocrx_word' id='word_1_190' title='bbox 1707 1498 1829 1540; x_wconf 85' lang='lat' dir='ltr'>fuerit</span> 
     </span>
     <span class='ocr_line' id='line_1_22' title="bbox 202 1566 1827 1630; baseline -0.005 -13"><span class='ocrx_word' id='word_1_191' title='bbox 202 1587 223 1617; x_wconf 90' lang='lat' dir='ltr'>a</span> <span class='ocrx_word' id='word_1_192' title='bbox 247 1586 445 1630; x_wconf 88' lang='lat' dir='ltr'>suspenso</span> <span class='ocrx_word' id='word_1_193' title='bbox 472 1579 558 1628; x_wconf 87' lang='lat' dir='ltr'>post</span> <span class='ocrx_word' id='word_1_194' title='bbox 583 1574 826 1615; x_wconf 80' lang='lat' dir='ltr'>sententiam</span> <span class='ocrx_word' id='word_1_195' title='bbox 850 1566 1170 1614; x_wconf 62' lang='lat' dir='ltr'>&#39;declaratoriam</span> <span class='ocrx_word' id='word_1_196' title='bbox 1201 1569 1260 1612; x_wconf 67' lang='lat' dir='ltr'>iel</span> <span class='ocrx_word' id='word_1_197' title='bbox 1288 1570 1693 1615; x_wconf 84' lang='lat' dir='ltr'>condemnatoriam;</span> <span class='ocrx_word' id='word_1_198' title='bbox 1718 1569 1827 1625; x_wconf 81' lang='lat' dir='ltr'>quod</span> 
     </span>
     <span class='ocr_line' id='line_1_23' title="bbox 201 1640 1827 1698; baseline -0.005 -11"><span class='ocrx_word' id='word_1_199' title='bbox 201 1646 232 1687; x_wconf 89' lang='lat' dir='ltr'>si</span> <span class='ocrx_word' id='word_1_200' title='bbox 268 1643 369 1686; x_wconf 78' lang='lat' dir='ltr'>llaec</span> <span class='ocrx_word' id='word_1_201' title='bbox 401 1646 601 1686; x_wconf 87' lang='lat' dir='ltr'>sententia</span> <span class='ocrx_word' id='word_1_202' title='bbox 640 1642 717 1685; x_wconf 82' lang='lat' dir='ltr'>lata</span> <span class='ocrx_word' id='word_1_203' title='bbox 753 1643 873 1684; x_wconf 79' lang='lat' dir='ltr'>luerit</span> <span class='ocrx_word' id='word_1_204' title='bbox 897 1657 935 1684; x_wconf 81' lang='grc'>)).</span> <span class='ocrx_word' id='word_1_205' title='bbox 971 1640 1278 1698; x_wconf 82' lang='lat' dir='ltr'>(restringendo</span> <span class='ocrx_word' id='word_1_206' title='bbox 1314 1653 1491 1697; x_wconf 76' lang='lat' dir='ltr'>sequens</span> <span class='ocrx_word' id='word_1_207' title='bbox 1532 1642 1827 1695; x_wconf 88' lang='lat' dir='ltr'>praescriptum</span> 
     </span>
     <span class='ocr_line' id='line_1_24' title="bbox 201 1710 1829 1770; baseline -0.004 -13"><span class='ocrx_word' id='word_1_208' title='bbox 201 1715 250 1758; x_wconf 87' lang='lat' dir='ltr'>ad</span> <span class='ocrx_word' id='word_1_209' title='bbox 286 1716 598 1770; x_wconf 83' lang='lat' dir='ltr'>suspensionem</span> <span class='ocrx_word' id='word_1_210' title='bbox 634 1712 884 1769; x_wconf 78' lang='lat' dir='ltr'>generaliter</span> <span class='ocrx_word' id='word_1_211' title='bbox 920 1711 1042 1755; x_wconf 90' lang='lat' dir='ltr'>latam</span> <span class='ocrx_word' id='word_1_212' title='bbox 1077 1716 1113 1754; x_wconf 86' lang='lat' dir='ltr'>et</span> <span class='ocrx_word' id='word_1_213' title='bbox 1148 1712 1315 1768; x_wconf 78' lang='lat' dir='ltr'>quidem</span> <span class='ocrx_word' id='word_1_214' title='bbox 1348 1710 1451 1753; x_wconf 87' lang='grc'><strong>13138</strong></span> <span class='ocrx_word' id='word_1_215' title='bbox 1474 1712 1716 1762; x_wconf 69' lang='lat' dir='ltr'>sententiae,</span> <span class='ocrx_word' id='word_1_216' title='bbox 1743 1711 1829 1751; x_wconf 87' lang='lat' dir='ltr'>iure</span> 
     </span>
     <span class='ocr_line' id='line_1_25' title="bbox 202 1779 1831 1841; baseline -0.004 -13"><span class='ocrx_word' id='word_1_217' title='bbox 202 1787 411 1828; x_wconf 84' lang='lat' dir='ltr'>communi</span> <span class='ocrx_word' id='word_1_218' title='bbox 448 1787 640 1841; x_wconf 82' lang='lat' dir='ltr'>irrogata.</span> <span class='ocrx_word' id='word_1_219' title='bbox 681 1789 721 1826; x_wconf 91' lang='lat' dir='ltr'>ut</span> <span class='ocrx_word' id='word_1_220' title='bbox 757 1786 889 1825; x_wconf 92' lang='lat' dir='ltr'>minor</span> <span class='ocrx_word' id='word_1_221' title='bbox 923 1784 989 1825; x_wconf 88' lang='lat' dir='ltr'>liat</span> <span class='ocrx_word' id='word_1_222' title='bbox 1025 1784 1228 1825; x_wconf 84' lang='lat' dir='ltr'>correctio</span> <span class='ocrx_word' id='word_1_223' title='bbox 1254 1785 1353 1824; x_wconf 83' lang='lat' dir='ltr'>iuris</span> <span class='ocrx_word' id='word_1_224' title='bbox 1381 1784 1555 1835; x_wconf 62' lang='lat' dir='ltr'>vigentis</span> <span class='ocrx_word' id='word_1_225' title='bbox 1584 1794 1631 1823; x_wconf 83' lang='lat' dir='ltr'>ex</span> <span class='ocrx_word' id='word_1_226' title='bbox 1667 1779 1831 1822; x_wconf 78' lang='lat' dir='ltr'>Norinis</span> 
     </span>
     <span class='ocr_line' id='line_1_26' title="bbox 205 1852 1827 1912; baseline -0.004 -15"><span class='ocrx_word' id='word_1_227' title='bbox 205 1855 496 1912; x_wconf 78' lang='lat' dir='ltr'>peculiaribus,</span> <span class='ocrx_word' id='word_1_228' title='bbox 530 1856 626 1911; x_wconf 69' lang='lat' dir='ltr'>(lap.</span> <span class='ocrx_word' id='word_1_229' title='bbox 665 1854 709 1897; x_wconf 97' lang='grc'>111</span> <span class='ocrx_word' id='word_1_230' title='bbox 747 1868 782 1896; x_wconf 91' lang='grc'>11.</span> <span class='ocrx_word' id='word_1_231' title='bbox 821 1853 898 1910; x_wconf 71' lang='lat'>6⁰),</span> <span class='ocrx_word' id='word_1_232' title='bbox 937 1867 1206 1909; x_wconf 82' lang='lat' dir='ltr'>«suspensus</span> <span class='ocrx_word' id='word_1_233' title='bbox 1231 1855 1371 1909; x_wconf 80' lang='lat' dir='ltr'>nequit</span> <span class='ocrx_word' id='word_1_234' title='bbox 1407 1857 1618 1908; x_wconf 80' lang='lat' dir='ltr'>practerea</span> <span class='ocrx_word' id='word_1_235' title='bbox 1654 1852 1827 1906; x_wconf 78' lang='lat' dir='ltr'>gratiam</span> 
     </span>
     <span class='ocr_line' id='line_1_27' title="bbox 205 1923 1831 1982; baseline -0.004 -13"><span class='ocrx_word' id='word_1_236' title='bbox 205 1926 327 1969; x_wconf 88' lang='lat' dir='ltr'>ullam</span> <span class='ocrx_word' id='word_1_237' title='bbox 355 1927 606 1982; x_wconf 85' lang='lat' dir='ltr'>pontiliciam</span> <span class='ocrx_word' id='word_1_238' title='bbox 646 1925 779 1967; x_wconf 70' lang='lat' dir='ltr'>valide</span> <span class='ocrx_word' id='word_1_239' title='bbox 813 1927 1026 1982; x_wconf 74' lang='lat' dir='ltr'>consequi,</span> <span class='ocrx_word' id='word_1_240' title='bbox 1051 1926 1125 1967; x_wconf 89' lang='lat' dir='ltr'>nisi</span> <span class='ocrx_word' id='word_1_241' title='bbox 1152 1927 1188 1966; x_wconf 91' lang='lat' dir='ltr'>in</span> <span class='ocrx_word' id='word_1_242' title='bbox 1216 1925 1425 1980; x_wconf 89' lang='lat' dir='ltr'>pontilicio</span> <span class='ocrx_word' id='word_1_243' title='bbox 1456 1925 1653 1978; x_wconf 80' lang='lat' dir='ltr'>rescripto</span> <span class='ocrx_word' id='word_1_244' title='bbox 1680 1923 1831 1964; x_wconf 91' lang='lat' dir='ltr'>mentio</span> 
     </span>
     <span class='ocr_line' id='line_1_28' title="bbox 203 1997 722 2053; baseline -0.01 -13"><span class='ocrx_word' id='word_1_245' title='bbox 203 1997 253 2040; x_wconf 92' lang='lat' dir='ltr'>de</span> <span class='ocrx_word' id='word_1_246' title='bbox 286 1999 556 2053; x_wconf 84' lang='lat' dir='ltr'>suspensione</span> <span class='ocrx_word' id='word_1_247' title='bbox 591 1998 659 2039; x_wconf 88' lang='lat' dir='ltr'>liat</span> <span class='ocrx_word' id='word_1_248' title='bbox 687 2013 722 2036; x_wconf 80' lang='lat'>›).</span> 
     </span>
    </p>

    <p class='ocr_par' dir='ltr' id='par_1_7' title="bbox 149 2065 1836 2902">
     <span class='ocr_line' id='line_1_29' title="bbox 326 2065 1831 2123; baseline -0.002 -13"><span class='ocrx_word' id='word_1_249' title='bbox 326 2067 422 2110; x_wconf 83' lang='lat'><strong>113.</strong></span> <span class='ocrx_word' id='word_1_250' title='bbox 457 2069 529 2114; x_wconf 85' lang='lat' dir='ltr'>De</span> <span class='ocrx_word' id='word_1_251' title='bbox 561 2070 870 2113; x_wconf 83' lang='lat' dir='ltr'>invaliditate</span> <span class='ocrx_word' id='word_1_252' title='bbox 891 2070 1086 2112; x_wconf 86' lang='lat' dir='ltr'>actuum</span> <span class='ocrx_word' id='word_1_253' title='bbox 1112 2070 1283 2112; x_wconf 83' lang='lat' dir='ltr'>contra</span> <span class='ocrx_word' id='word_1_254' title='bbox 1306 2067 1645 2123; x_wconf 86' lang='lat' dir='ltr'>suspensionis</span> <span class='ocrx_word' id='word_1_255' title='bbox 1668 2065 1831 2121; x_wconf 88' lang='lat' dir='ltr'>prohi-</span> 
     </span>
     <span class='ocr_line' id='line_1_30' title="bbox 202 2135 1831 2194; baseline -0.006 -9"><span class='ocrx_word' id='word_1_256' title='bbox 202 2141 415 2186; x_wconf 81' lang='lat' dir='ltr'>bitiones</span> <span class='ocrx_word' id='word_1_257' title='bbox 448 2139 633 2182; x_wconf 86' lang='lat' dir='ltr'>decernit</span> <span class='ocrx_word' id='word_1_258' title='bbox 668 2153 760 2182; x_wconf 64' lang='lat' dir='ltr'>Pali.</span> <span class='ocrx_word' id='word_1_259' title='bbox 793 2140 931 2181; x_wconf 60' lang='lat'>3:284.</span> <span class='ocrx_word' id='word_1_260' title='bbox 969 2137 1014 2178; x_wconf 65' lang='lat' dir='ltr'>Si</span> <span class='ocrx_word' id='word_1_261' title='bbox 1047 2137 1216 2179; x_wconf 71' lang='lat' dir='ltr'>inem-sa</span> <span class='ocrx_word' id='word_1_262' title='bbox 1250 2137 1382 2194; x_wconf 69' lang='lat' dir='ltr'>sueri!</span> <span class='ocrx_word' id='word_1_263' title='bbox 1416 2135 1626 2193; x_wconf 75' lang='lat' dir='ltr'>quaelibet</span> <span class='ocrx_word' id='word_1_264' title='bbox 1654 2147 1831 2177; x_wconf 70' lang='lat' dir='ltr'>censura</span> 
     </span>
     <span class='ocr_line' id='line_1_31' title="bbox 202 2208 1829 2268; baseline -0.004 -15"><span class='ocrx_word' id='word_1_265' title='bbox 202 2209 504 2268; x_wconf 74' lang='lat' dir='ltr'>suspensionis,</span> <span class='ocrx_word' id='word_1_266' title='bbox 538 2209 775 2252; x_wconf 77' lang='lat' dir='ltr'>excluditur</span> <span class='ocrx_word' id='word_1_267' title='bbox 809 2209 1007 2264; x_wconf 84' lang='lat' dir='ltr'>implicite</span> <span class='ocrx_word' id='word_1_268' title='bbox 1051 2221 1070 2250; x_wconf 88' lang='lat' dir='ltr'>a</span> <span class='ocrx_word' id='word_1_269' title='bbox 1117 2211 1370 2264; x_wconf 87' lang='lat' dir='ltr'>praescripto</span> <span class='ocrx_word' id='word_1_270' title='bbox 1406 2208 1655 2263; x_wconf 69' lang='lat' dir='ltr'>homonyma</span> <span class='ocrx_word' id='word_1_271' title='bbox 1702 2217 1829 2261; x_wconf 92' lang='lat' dir='ltr'>poena</span> 
     </span>
     <span class='ocr_line' id='line_1_32' title="bbox 205 2277 1832 2337; baseline -0.002 -15"><span class='ocrx_word' id='word_1_272' title='bbox 205 2281 472 2324; x_wconf 69' lang='lat' dir='ltr'>vindicativa.</span> <span class='ocrx_word' id='word_1_273' title='bbox 508 2294 614 2337; x_wconf 77' lang='lat' dir='ltr'>quae</span> <span class='ocrx_word' id='word_1_274' title='bbox 648 2286 755 2322; x_wconf 71' lang='lat' dir='ltr'>velut</span> <span class='ocrx_word' id='word_1_275' title='bbox 792 2283 896 2323; x_wconf 90' lang='lat' dir='ltr'>inter</span> <span class='ocrx_word' id='word_1_276' title='bbox 930 2280 1030 2323; x_wconf 85' lang='lat' dir='ltr'>alios</span> <span class='ocrx_word' id='word_1_277' title='bbox 1065 2281 1232 2322; x_wconf 77' lang='lat' dir='ltr'>forsitan</span> <span class='ocrx_word' id='word_1_278' title='bbox 1268 2285 1384 2322; x_wconf 87' lang='lat' dir='ltr'>actus</span> <span class='ocrx_word' id='word_1_279' title='bbox 1417 2277 1832 2321; x_wconf 73' lang='lat' dir='ltr'>adminislralionem</span> 
     </span>
     <span class='ocr_line' id='line_1_33' title="bbox 202 2347 1832 2407; baseline -0.003 -13"><span class='ocrx_word' id='word_1_280' title='bbox 202 2351 462 2407; x_wconf 82' lang='lat' dir='ltr'>singulorum</span> <span class='ocrx_word' id='word_1_281' title='bbox 500 2351 561 2394; x_wconf 67' lang='lat' dir='ltr'>vel</span> <span class='ocrx_word' id='word_1_282' title='bbox 601 2351 777 2407; x_wconf 90' lang='lat' dir='ltr'>plurium</span> <span class='ocrx_word' id='word_1_283' title='bbox 807 2352 1174 2393; x_wconf 64' lang='lat' dir='ltr'>Sam-‹nnen(cn-um</span> <span class='ocrx_word' id='word_1_284' title='bbox 1200 2356 1237 2391; x_wconf 74' lang='lat' dir='ltr'>el</span> <span class='ocrx_word' id='word_1_285' title='bbox 1263 2348 1660 2401; x_wconf 67' lang='lat' dir='ltr'>Sam-amensasima,</span> <span class='ocrx_word' id='word_1_286' title='bbox 1690 2347 1832 2404; x_wconf 72' lang='lat' dir='ltr'>quales</span> 
     </span>
     <span class='ocr_line' id='line_1_34' title="bbox 203 2418 1831 2477; baseline -0.003 -12"><span class='ocrx_word' id='word_1_287' title='bbox 203 2427 295 2465; x_wconf 88' lang='lat' dir='ltr'>sunt</span> <span class='ocrx_word' id='word_1_288' title='bbox 331 2435 424 2465; x_wconf 91' lang='lat' dir='ltr'>cum</span> <span class='ocrx_word' id='word_1_289' title='bbox 469 2422 634 2465; x_wconf 71' lang='lat' dir='ltr'>diversa</span> <span class='ocrx_word' id='word_1_290' title='bbox 680 2422 953 2477; x_wconf 87' lang='lat' dir='ltr'>amplitudine</span> <span class='ocrx_word' id='word_1_291' title='bbox 997 2423 1211 2476; x_wconf 78' lang='lat' dir='ltr'>suspensio</span> <span class='ocrx_word' id='word_1_292' title='bbox 1246 2420 1289 2477; x_wconf 80' lang='lat' dir='ltr'>a)</span> <span class='ocrx_word' id='word_1_293' title='bbox 1323 2420 1374 2463; x_wconf 84' lang='lat' dir='ltr'>al)</span> <span class='ocrx_word' id='word_1_294' title='bbox 1408 2421 1542 2463; x_wconf 86' lang='lat' dir='ltr'>ollicio</span> <span class='ocrx_word' id='word_1_295' title='bbox 1575 2418 1831 2474; x_wconf 82' lang='lat' dir='ltr'>simpliciter,</span> 
     </span>
     <span class='ocr_line' id='line_1_35' title="bbox 149 2490 1834 2549; baseline -0.002 -15"><span class='ocrx_word' id='word_1_296' title='bbox 149 2528 153 2529; x_wconf 13' lang='grc' dir='ltr'><em>γ</em></span> <span class='ocrx_word' id='word_1_297' title='bbox 203 2491 242 2549; x_wconf 82' lang='lat' dir='ltr'>b)</span> <span class='ocrx_word' id='word_1_298' title='bbox 277 2505 298 2536; x_wconf 92' lang='grc'><strong>3</strong></span> <span class='ocrx_word' id='word_1_299' title='bbox 333 2493 504 2546; x_wconf 75' lang='lat' dir='ltr'>divinis,</span> <span class='ocrx_word' id='word_1_300' title='bbox 537 2497 570 2546; x_wconf 78' lang='lat' dir='ltr'>e)</span> <span class='ocrx_word' id='word_1_301' title='bbox 603 2491 654 2535; x_wconf 89' lang='lat' dir='ltr'>ab</span> <span class='ocrx_word' id='word_1_302' title='bbox 688 2491 903 2535; x_wconf 83' lang='lat' dir='ltr'>ordinibus</span> <span class='ocrx_word' id='word_1_303' title='bbox 938 2494 974 2534; x_wconf 89' lang='lat' dir='ltr'>in</span> <span class='ocrx_word' id='word_1_304' title='bbox 1011 2492 1185 2534; x_wconf 74' lang='lat' dir='ltr'>diacono</span> <span class='ocrx_word' id='word_1_305' title='bbox 1220 2496 1259 2534; x_wconf 90' lang='lat' dir='ltr'>et</span> <span class='ocrx_word' id='word_1_306' title='bbox 1295 2491 1414 2540; x_wconf 87' lang='lat' dir='ltr'>ultra,</span> <span class='ocrx_word' id='word_1_307' title='bbox 1439 2495 1562 2547; x_wconf 73' lang='lat' dir='ltr'>atque</span> <span class='ocrx_word' id='word_1_308' title='bbox 1593 2492 1630 2531; x_wconf 92' lang='lat' dir='ltr'>in</span> <span class='ocrx_word' id='word_1_309' title='bbox 1667 2490 1834 2539; x_wconf 78' lang='lat' dir='ltr'>lectore,</span> 
     </span>
     <span class='ocr_line' id='line_1_36' title="bbox 204 2560 1836 2618; baseline -0.002 -14"><span class='ocrx_word' id='word_1_310' title='bbox 204 2561 246 2617; x_wconf 78' lang='lat' dir='ltr'>sl)</span> <span class='ocrx_word' id='word_1_311' title='bbox 281 2565 434 2618; x_wconf 82' lang='lat' dir='ltr'>pariter</span> <span class='ocrx_word' id='word_1_312' title='bbox 469 2565 505 2605; x_wconf 91' lang='grc'>111</span> <span class='ocrx_word' id='word_1_313' title='bbox 541 2565 613 2616; x_wconf 80' lang='lat' dir='ltr'>eis,</span> <span class='ocrx_word' id='word_1_314' title='bbox 647 2576 668 2605; x_wconf 92' lang='lat' dir='ltr'>a</span> <span class='ocrx_word' id='word_1_315' title='bbox 702 2565 831 2605; x_wconf 82' lang='lat' dir='ltr'>sacris</span> <span class='ocrx_word' id='word_1_316' title='bbox 865 2561 1094 2615; x_wconf 70' lang='lat' dir='ltr'>ordinibus,</span> <span class='ocrx_word' id='word_1_317' title='bbox 1128 2560 1166 2618; x_wconf 82' lang='lat' dir='ltr'>e)</span> <span class='ocrx_word' id='word_1_318' title='bbox 1202 2564 1238 2604; x_wconf 94' lang='lat' dir='ltr'>in</span> <span class='ocrx_word' id='word_1_319' title='bbox 1273 2562 1442 2615; x_wconf 74' lang='lat' dir='ltr'>eisdem,</span> <span class='ocrx_word' id='word_1_320' title='bbox 1468 2561 1519 2605; x_wconf 84' lang='lat' dir='ltr'>ab</span> <span class='ocrx_word' id='word_1_321' title='bbox 1554 2560 1620 2602; x_wconf 94' lang='lat' dir='ltr'>illo</span> <span class='ocrx_word' id='word_1_322' title='bbox 1654 2564 1766 2602; x_wconf 89' lang='lat' dir='ltr'>certo</span> <span class='ocrx_word' id='word_1_323' title='bbox 1796 2563 1836 2601; x_wconf 87' lang='lat' dir='ltr'>et</span> 
     </span>
     <span class='ocr_line' id='line_1_37' title="bbox 203 2628 1833 2689; baseline -0.003 -14"><span class='ocrx_word' id='word_1_324' title='bbox 203 2632 375 2675; x_wconf 78' lang='lat' dir='ltr'>definito</span> <span class='ocrx_word' id='word_1_325' title='bbox 410 2634 555 2676; x_wconf 89' lang='lat' dir='ltr'>ordine</span> <span class='ocrx_word' id='word_1_326' title='bbox 588 2633 837 2685; x_wconf 75' lang='lat' dir='ltr'>exercendo,</span> <span class='ocrx_word' id='word_1_327' title='bbox 875 2632 921 2689; x_wconf 82' lang='lat' dir='ltr'>s)</span> <span class='ocrx_word' id='word_1_328' title='bbox 959 2634 995 2674; x_wconf 92' lang='lat' dir='ltr'>in</span> <span class='ocrx_word' id='word_1_329' title='bbox 1023 2631 1224 2688; x_wconf 88' lang='lat' dir='ltr'>Episcopo</span> <span class='ocrx_word' id='word_1_330' title='bbox 1249 2637 1285 2674; x_wconf 90' lang='lat' dir='ltr'>et</span> <span class='ocrx_word' id='word_1_331' title='bbox 1311 2632 1401 2675; x_wconf 89' lang='lat' dir='ltr'>aliis</span> <span class='ocrx_word' id='word_1_332' title='bbox 1424 2632 1500 2675; x_wconf 85' lang='lat' dir='ltr'>sul)</span> <span class='ocrx_word' id='word_1_333' title='bbox 1524 2644 1613 2675; x_wconf 79' lang='lat' dir='ltr'>can.</span> <span class='ocrx_word' id='word_1_334' title='bbox 1638 2630 1735 2672; x_wconf 73' lang='grc'><strong>782.</strong></span> <span class='ocrx_word' id='word_1_335' title='bbox 1759 2629 1786 2687; x_wconf 61' lang='grc' dir='ltr'><strong>ἓ</strong></span> <span class='ocrx_word' id='word_1_336' title='bbox 1811 2628 1833 2670; x_wconf 79' lang='grc'><strong>3</strong></span> 
     </span>
     <span class='ocr_line' id='line_1_38' title="bbox 207 2701 1833 2761; baseline -0.002 -16"><span class='ocrx_word' id='word_1_337' title='bbox 207 2706 433 2751; x_wconf 77' lang='lat' dir='ltr'>recensitis,</span> <span class='ocrx_word' id='word_1_338' title='bbox 469 2707 662 2761; x_wconf 81' lang='lat' dir='ltr'>quamvis</span> <span class='ocrx_word' id='word_1_339' title='bbox 705 2704 879 2747; x_wconf 89' lang='lat' dir='ltr'>aliorum</span> <span class='ocrx_word' id='word_1_340' title='bbox 915 2716 1121 2746; x_wconf 83' lang='lat' dir='ltr'>canonum</span> <span class='ocrx_word' id='word_1_341' title='bbox 1159 2706 1209 2757; x_wconf 75' lang='lat' dir='ltr'>vi,</span> <span class='ocrx_word' id='word_1_342' title='bbox 1243 2706 1458 2759; x_wconf 88' lang='lat' dir='ltr'>suspensio</span> <span class='ocrx_word' id='word_1_343' title='bbox 1492 2716 1513 2745; x_wconf 93' lang='lat' dir='ltr'>a</span> <span class='ocrx_word' id='word_1_344' title='bbox 1548 2706 1659 2745; x_wconf 88' lang='lat' dir='ltr'>certo</span> <span class='ocrx_word' id='word_1_345' title='bbox 1693 2705 1731 2743; x_wconf 88' lang='lat' dir='ltr'>et</span> <span class='ocrx_word' id='word_1_346' title='bbox 1764 2701 1833 2742; x_wconf 92' lang='lat' dir='ltr'>de-</span> 
     </span>
     <span class='ocr_line' id='line_1_39' title="bbox 206 2771 1833 2831; baseline -0.002 -15"><span class='ocrx_word' id='word_1_347' title='bbox 206 2775 320 2817; x_wconf 83' lang='lat' dir='ltr'>linito</span> <span class='ocrx_word' id='word_1_348' title='bbox 354 2775 498 2819; x_wconf 88' lang='lat' dir='ltr'>ordine</span> <span class='ocrx_word' id='word_1_349' title='bbox 532 2775 797 2824; x_wconf 71' lang='lat' dir='ltr'>conferendo,</span> <span class='ocrx_word' id='word_1_350' title='bbox 830 2784 871 2831; x_wconf 59' lang='grc' dir='ltr'>φῇ</span> <span class='ocrx_word' id='word_1_351' title='bbox 905 2787 925 2816; x_wconf 91' lang='grc'><strong>3</strong></span> <span class='ocrx_word' id='word_1_352' title='bbox 961 2779 1073 2817; x_wconf 82' lang='lat' dir='ltr'>certo</span> <span class='ocrx_word' id='word_1_353' title='bbox 1106 2778 1143 2817; x_wconf 84' lang='lat' dir='ltr'>et</span> <span class='ocrx_word' id='word_1_354' title='bbox 1178 2774 1348 2817; x_wconf 88' lang='lat' dir='ltr'>delinito</span> <span class='ocrx_word' id='word_1_355' title='bbox 1393 2775 1633 2827; x_wconf 72' lang='lat' dir='ltr'>ministerio,</span> <span class='ocrx_word' id='word_1_356' title='bbox 1668 2771 1833 2826; x_wconf 77' lang='lat' dir='ltr'>quando</span> 
     </span>
     <span class='ocr_line' id='line_1_40' title="bbox 206 2841 1834 2902; baseline -0.003 -14"><span class='ocrx_word' id='word_1_357' title='bbox 206 2844 281 2888; x_wconf 87' lang='lat' dir='ltr'>hoc</span> <span class='ocrx_word' id='word_1_358' title='bbox 317 2845 468 2889; x_wconf 86' lang='lat' dir='ltr'>dictam</span> <span class='ocrx_word' id='word_1_359' title='bbox 495 2846 795 2902; x_wconf 86' lang='lat' dir='ltr'>complectatur</span> <span class='ocrx_word' id='word_1_360' title='bbox 818 2846 1233 2899; x_wconf 70' lang='lat' dir='ltr'>administrationem,</span> <span class='ocrx_word' id='word_1_361' title='bbox 1270 2844 1312 2902; x_wconf 65' lang='lat' dir='ltr'>le.)</span> <span class='ocrx_word' id='word_1_362' title='bbox 1345 2845 1396 2889; x_wconf 80' lang='lat' dir='ltr'>al)</span> <span class='ocrx_word' id='word_1_363' title='bbox 1425 2846 1569 2887; x_wconf 71' lang='grc'><strong>111-111118</strong></span> <span class='ocrx_word' id='word_1_364' title='bbox 1595 2841 1834 2899; x_wconf 87' lang='lat' dir='ltr'>pontiticali,</span> 
     </span>
    </p>
   </div>
  </div>
 </body>
</html>
