1981 3182
1854 0 1967 20 '⁷⁴⁷⁹'

275 145 343 178 ⁵238
646 143 729 176 [ΑΒ.
752 143 796 175 V.
819 163 829 167 -
851 143 960 177 PARs
978 143 1049 177 [Π.
1071 164 1083 168 -
1103 144 1159 178 De
1172 147 1310 188 poenis
1330 147 1371 178 in
1389 146 1527 179 delicta
1580 145 1672 180 Can.
1698 145 1902 180 2371-2322

273 268 510 321 praeterea,
546 262 669 305 idest:
709 262 812 305 ultra
846 265 1122 318 suspicionem
1160 262 1356 317 haeresis,
1391 263 1705 320 suspensionem
1741 280 1763 304 «
1784 277 1904 320 gene-

280 333 419 375 raliter
452 332 573 375 latam
599 348 620 371 »
661 332 768 388 (can.
795 331 922 386 2278,
956 332 984 390 ἓ
1019 332 1061 389 ⁶2)
1096 332 1320 375 incurrunt
1343 332 1413 375 sed
1440 345 1657 376 censuram
1683 332 1781 376 Sede·
1802 334 1906 391 Apo-

277 402 452 445 stolieae
484 408 758 456 reservatam,
792 401 1080 446 subintellecto
1113 416 1280 460 quoque
1314 405 1350 445 in
1386 402 1463 446 hac
1495 403 1676 446 secunda
1703 408 1816 459 parte
1839 416 1904 447 ca-

280 475 397 516 nonis
432 473 558 516 verbo
589 489 608 513 <i
631 475 811 516 scienter
834 489 872 527 n,
899 476 951 517 ita
978 479 1020 516 ut
1053 487 1132 516 non
1169 486 1380 530 nunquam
1405 475 1455 516 sit
1480 475 1706 529 practicum
1737 486 1827 530 cap.
1854 473 1905 516 22

286 561 306 583 «
331 544 381 587 de
413 545 633 587 simonia»
663 543 729 600 (V,
754 543 797 600 3)
828 543 894 587 ubi
931 543 1079 587 Lucius
1114 543 1161 586 lll
1198 546 1275 586 ait:
1315 543 1417 586 «De
1450 545 1675 587 simoniace
1708 544 1908 587 ordinatis

281 619 440 658 certum
467 614 537 658 tibi
572 628 651 657 non
688 628 904 670 possumus
928 615 1027 658 dare
1054 628 1311 671 responsum,
1338 616 1412 657 nisi
1439 614 1599 670 plenius
1621 626 1908 670 agnoscamus,

281 685 458 743 qualiter
482 686 632 727 t'uerint
665 680 865 728 ordinati:
901 699 994 728 cum
1019 685 1187 742 quidam
1215 684 1307 728 licet
1331 685 1560 728 secundum
1586 685 1794 742 quandam
1818 698 1909 741 spo-

281 759 386 800 ciem
420 758 634 810 simoniae,
668 761 807 812 utpote
831 758 928 812 ipsis
953 755 1251 812 ignorantibuS,
1277 757 1502 799 simoniace
1536 755 1793 811 ordinentur,
1820 768 1910 812 pos-

283 832 376 870 sunt
409 829 521 884 (quia
554 828 768 870 simoniaci
803 840 882 869 non
916 829 1025 880 sunt)
1056 829 1095 869 in
1130 829 1214 870 suis
1247 825 1464 870 ordinibus
1498 839 1774 869 remanere».
1809 825 1909 870 Cen-

283 910 377 941 sura
423 897 527 940 latae
570 899 797 940 sententiae
842 896 964 939 liuius
996 899 1166 940 canonis
1200 901 1260 939 est
1294 896 1344 939 (le
1379 909 1487 939 novo
1531 896 1698 939 inducta
1734 909 1805 953 per
1836 894 1909 940 Co-

284 969 434 1013 dicem.

405 1039 501 1083 ⁵214.
537 1040 777 1084 Delictum
811 1040 1472 1095 recipiendi-ordinationem
1512 1039 1727 1084 illicitam
1763 1051 1914 1083 causa

284 1111 508 1155 ministri.
535 1135 587 1139 —
622 1108 679 1151 Ex
715 1112 843 1152 const.
883 1124 905 1149 ((
928 1108 1192 1164 Apostolicac
1224 1108 1386 1151 Sedis»
1427 1107 1483 1150 Pii
1518 1106 1570 1150 tx
1608 1107 1828 1151 translatus
1854 1111 1915 1150 est

285 1192 378 1222 cuin
415 1179 722 1221 modificatione
756 1192 844 1221 can.
872 1180 1009 1221 9379.
1047 1178 1369 1235 Suspensionem
1392 1192 1417 1220 a
1441 1177 1612 1233 divinis,
1636 1189 1742 1234 quae
1767 1190 1914 1234 nempe

234 1281 236 1284 .
290 1266 311 1290 α
339 1254 447 1292 vetat
480 1262 644 1292 omnem
679 1249 815 1292 aetum
853 1251 1063 1305 potestatis
1086 1249 1255 1302 ordinis,
1281 1261 1405 1306 quam
1431 1250 1522 1305 quis
1545 1250 1633 1292 sive
1659 1261 1730 1305 per
1752 1261 1913 1291 sacram

286 1320 587 1363 ordinationem
622 1322 712 1363 sive
747 1333 818 1376 per
851 1319 1116 1376 privilegium
1156 1319 1357 1363 obtinet»
1399 1319 1507 1376 (can.
1544 1319 1670 1375 2279,
1702 1318 1730 1376 ξ
1764 1319 1804 1370 ⁶2,
1838 1318 1916 1375 ⁶2⁰),

288 1404 365 1433 non
400 1390 661 1433 solummodo
699 1389 794 1434 «ab
828 1390 973 1433 ordine
1005 1396 1242 1446 suscepto»
1279 1392 1386 1433 sicut
1431 1392 1467 1432 in
1516 1389 1636 1433 Piana
1676 1394 1836 1441 constfi,
1870 1401 1916 1432 ac

291 1465 458 1518 insuper
492 1467 630 1518 (secus
662 1463 700 1504 in
735 1461 900 1517 eadem)
937 1460 1035 1504 Sesti
1067 1460 1335 1519 Apostolicae
1372 1465 1647 1515 reservatam,
1680 1460 1770 1518 ipso
1802 1460 1916 1518 farlo

288 1532 558 1576 ordinationis
580 1537 796 1588 susceptae
820 1535 1121 1589 cuiuscumque
1142 1530 1412 1583 contrahunt,
1432 1531 1503 1589 qui
1525 1531 1713 1590 recipere
1734 1530 1917 1583 ordines,

288 1607 410 1647 etiam
446 1603 725 1660 episcopalem
760 1605 1132 1655 consecrationem,
1156 1602 1225 1646 sed
1252 1616 1330 1645 non
1357 1608 1524 1659 propter
1554 1607 1760 1659 receptam
1785 1601 1917 1645 solnm

291 1677 465 1731 primam
503 1680 727 1727 tonsuram,
757 1679 1052 1732 praesummus,
1091 1687 1184 1717 cum
1236 1673 1353 1729 plena
1401 1686 1500 1728 ergo
1550 1679 1634 1717 tum
1683 1674 1918 1729 cognitione

291 1746 405 1802 legis,
441 1759 609 1802 poenae,
644 1750 680 1788 et
726 1747 1134 1788 circumstantiarum
1185 1746 1296 1798 facti,
1329 1749 1414 1787 tum
1449 1743 1765 1798 deliberatione,
1796 1741 1836 1799 a)
1871 1741 1919 1784 ab

290 1816 646 1859 eoeeommum‘eato
681 1815 724 1872 b)
757 1815 820 1858 vel
852 1829 1066 1873 suspenso,
1102 1817 1166 1858 cui
1202 1814 1407 1871 prohibita
1442 1817 1493 1858 sit
1529 1813 1751 1867 ordinatio,
1784 1812 1823 1870 c)
1858 1812 1920 1855 rel

292 1886 516 1930 interdic-lo
542 1886 825 1943 personaliter,
850 1899 930 1929 non
957 1892 1092 1929 tamen
1128 1885 1490 1943 qualitercumque
1522 1886 1710 1941 singulis,
1734 1883 1804 1927 sed
1826 1888 1921 1941 post

291 1958 542 2001 sententiam
575 1957 616 2014 a)
650 1957 980 2000 declam-moriam
1006 1969 1207 2000 censurae
1231 1958 1312 1999 iam
1339 1959 1527 1999 incursae
1561 1954 1603 2012 b)
1637 1954 1700 1998 vel
1732 1953 1918 1998 condem-

294 2029 506 2072 natoriam
541 2029 794 2085 infligentem
829 2027 1009 2086 aliquam
1044 2040 1186 2071 earum
1223 2039 1465 2083 poenarum,
1490 2031 1564 2069 αῑιῖ
1587 2040 1611 2069 α
1636 2025 1800 2069 notorio
1832 2027 1921 2069 sive

299 2116 317 2139 (ι
343 2102 586 2142 notor-ietate
631 2102 774 2142 iuris»
813 2101 902 2142 sive
941 2115 962 2139 «
985 2100 1230 2141 notorietate
1275 2098 1369 2140 sacti
1394 2113 1415 2137 ›)
1453 2097 1562 2155 (can.
1599 2097 1724 2151 9197,
1765 2095 1822 2150 ⁵2⁰,
1858 2095 1920 2152 30)

293 2170 333 2226 a)
370 2173 425 2213 uti
460 2175 656 2228 apostata
690 2169 869 2213 scilicet:
911 2185 930 2209 <z
955 2171 1024 2226 qui
1058 2182 1079 2211 a
1114 2169 1196 2211 tide
1229 2167 1453 2211 christiana
1488 2166 1669 2210 totaliter
1702 2166 1920 2215 recedit»,

295 2240 337 2297 b)
374 2240 600 2294 haeretico,
636 2240 851 2284 videlieet:
893 2256 913 2280 «
937 2242 1021 2297 qui,
1061 2252 1209 2282 nomen
1257 2241 1437 2281 retinens
1479 2237 1764 2291 christianum,
1800 2239 1923 2293 perti-

294 2314 451 2356 naciter
484 2312 664 2367 aliquam
692 2325 739 2354 ex
770 2310 1013 2354 veritatibus
1039 2310 1118 2353 tide
1143 2310 1284 2352 divina
1308 2315 1347 2352 et
1370 2309 1574 2352 catholica
1605 2308 1824 2351 credendis
1856 2308 1922 2351 de-

294 2388 417 2440 negat
450 2387 520 2426 aut
553 2383 603 2425 de
638 2395 684 2425 ea
718 2381 942 2436 dubitat»,
975 2384 1065 2425 sive
1100 2380 1148 2424 ad
1184 2386 1338 2423 sectam
1383 2377 1564 2438 aliquam
1600 2381 1822 2434 transierit,
1859 2377 1920 2421 vel

293 2468 428 2507 secus,
462 2453 501 2510 c)
536 2452 819 2502 schismatico,
854 2466 1026 2509 nempe:
1056 2454 1125 2494 «si
1161 2451 1329 2494 subesse
1366 2453 1499 2494 renuit
1532 2451 1702 2493 Summo
1738 2449 1921 2492 Pontifici

295 2530 361 2567 aut
407 2538 500 2567 cum
549 2523 746 2567 membris
788 2523 998 2567 Ecclesiae
1047 2525 1081 2565 ei
1131 2521 1329 2565 subiectis
1367 2523 1677 2565 communicare
1713 2524 1917 2563 recusat»

296 2595 402 2652 (can.
443 2593 594 2651 1325);
629 2599 808 2637 attamen
834 2596 929 2651 quia
956 2595 1199 2651 requisitum
1232 2595 1303 2634 t'uit
1333 2607 1354 2632 «
1380 2595 1711 2647 praesumunt»,
1739 2603 1810 2645 pro
1833 2589 1923 2632 aliis

295 2679 373 2708 non
411 2664 773 2722 praesumentibus
806 2670 843 2708 et
877 2663 929 2707 ob
962 2665 1369 2707 circumstantiarum
1409 2661 1470 2706 vel
1507 2661 1608 2718 legis
1646 2662 1919 2718 ignorantiam
1980 2674 1981 2718 3

295 2750 373 2779 non
400 2736 669 2792 peccantibus
693 2736 807 2778 addit
831 2748 986 2778 canon:
1022 2734 1093 2792 qui
1127 2748 1220 2777 vero
1250 2733 1354 2776 bona
1390 2732 1470 2787 fide
1502 2747 1526 2775 α
1561 2731 1755 2789 quopiam
1781 2743 1920 2772 eorum
1980 2767 1981 2782 ,

295 2808 349 2849 sit
383 2806 623 2858 ordinatus,
645 2806 864 2849 subiicitur
896 2807 1083 2863 sequenti
1111 2804 1390 2862 prohibitioni,
1415 2816 1522 2861 quae
1559 2815 1654 2845 vera
1691 2813 1818 2858 poena
1843 2812 1922 2842 non

294 2882 377 2921 est:
412 2877 612 2919 emere-ilio
638 2882 781 2918 eareat
805 2876 969 2919 ordinis
993 2876 1053 2918 sie
1076 2875 1232 2933 recepti
1258 2877 1295 2917 in
1321 2874 1549 2917 ordinantis
1577 2871 1922 2928 reprobationem,
