1981 3182
0 79 35 117 ξ
51 71 62 75 ,

95 122 193 167 eam
216 129 311 164 2216
501 128 584 162 TIT.
609 127 676 163 IV.
701 146 713 153 ·
740 127 797 161 De
816 136 1038 170 poenarum
1063 129 1218 160 notione
1243 129 1311 161 etc.
1673 127 1721 160 49

276 248 331 291 Γ)
369 247 517 291 Poenis
558 243 893 300 medim‘mlibus,
937 246 1033 301 quia
1078 246 1401 300 resipiscentiam
1447 244 1724 301 delinquentis

99 319 400 377 principaliter,
436 324 476 361 ut
510 317 742 361 medicinae
775 317 993 359 sanitatem
1028 316 1225 370 corporis,
1259 319 1418 367 curant,
1442 329 1513 357 seu
1536 315 1724 357 censuris

99 393 212 434 iuxta
247 392 439 433 usitatam
475 394 513 432 et
546 388 865 432 determinatam
907 387 994 428 iure
1028 384 1369 441 appellationem;

275 462 338 504 2⁰
379 459 524 503 Poenis
558 457 844 510 eimlicatieis,
878 470 925 499 eo
959 456 1068 513 quod
1103 457 1177 498 etsi
1213 455 1458 511 delinquens
1483 457 1727 499 emendatus

73 535 235 589 tuerit,
270 544 340 575 eas
372 533 574 574 sustinere
606 528 729 572 debet
763 530 800 570 in
835 529 1113 583 expiationem
1152 525 1378 581 perturbati
1413 527 1590 580 ordinis,

276 601 339 647 3.⁰
375 599 596 654 Hemecliis,
641 601 735 655 quia
782 610 980 654 personae
1015 599 1053 639 in
1086 596 1282 639 delictum
1330 600 1569 652 properanti
1615 597 1723 640 adiu-

102 680 286 718 mentum
321 674 498 716 afl'erunt
532 684 604 727 per
636 671 816 726 aliquam
845 671 1136 725 privationem,
1164 673 1418 724 quapropter
1456 673 1515 710 est
1539 668 1723 710 additum

97 743 346 804 poenalibus
378 748 416 786 et
444 740 732 800 poenitentiis,
777 753 882 797 (11166
928 739 1184 795 delinquenti
1229 751 1251 780 a
1298 751 1425 794 poena
1469 740 1505 780 in
1543 739 1724 781 futurum

101 815 360 860 sublevando
392 812 658 857 subveniunt.

221 885 331 929 Haec
366 883 586 927 verborum
621 883 868 938 significatio
904 883 980 924 iuri
1017 880 1283 937 praecedenti
1329 882 1533 935 congruit.
1568 878 1668 922 Nam
1691 881 1727 921 in

102 969 191 1013 cap.
230 956 246 998 1
291 974 305 994 α
333 955 383 998 de
425 956 626 997 sententia
670 955 1163 996 excommanicationis...
1209 956 1331 996 616.»
1382 949 1446 1007 (V.
1497 949 1567 1007 ll)
1612 952 1649 992 in
1687 950 1729 992 60

100 1029 299 1083 scriptum
336 1031 417 1069 est:
458 1026 602 1068 «Cum
640 1024 899 1067 medicinalis
918 1026 967 1066 sit
988 1025 1383 1075 excommunicatio,
1419 1035 1495 1064 non
1533 1020 1729 1075 mortalis,

100 1098 381 1154 disciplinans,
417 1109 494 1139 non
529 1096 760 1148 eradicans,
796 1095 893 1137 dum
932 1100 1066 1138 tamen
1104 1096 1149 1148 is,
1176 1096 1212 1136 in
1234 1107 1356 1151 quem
1386 1093 1462 1135 lata
1490 1094 1626 1141 luerit,
1652 1105 1728 1134 non

101 1173 358 1213 contemnat:
393 1173 514 1211 caute
549 1167 765 1222 provideat
802 1167 923 1209 iudex
968 1165 1295 1210 ecclesiasticus,
1333 1169 1373 1207 ut
1408 1167 1445 1206 in
1482 1177 1527 1207 ea
1563 1163 1729 1206 terenda

101 1239 289 1283 ostendat
322 1253 365 1282 se
399 1241 590 1295 prosequi
626 1238 735 1296 quod
771 1239 1020 1293 corrigentis
1055 1238 1177 1278 l'uerit
1212 1240 1249 1277 el
1286 1236 1500 1278 medentis.
1534 1233 1732 1291 Quisquis

104 1313 229 1367 igitur
260 1312 658 1362 excommunicat»,
692 1314 730 1352 et
763 1311 953 1365 sequitur
987 1307 1086 1364 quid
1121 1319 1290 1349 servare
1327 1309 1363 1348 in
1400 1306 1475 1348 1166
1499 1305 1661 1354 debeat,
1685 1317 1731 1347 ac

105 1383 209 1424 infra
244 1381 418 1424 dicitur:
459 1382 689 1437 «quisquis
732 1385 870 1422 autem
918 1379 1100 1421 iudicum
1148 1377 1384 1420 huiusmodi
1430 1378 1733 1419 constitutionis

106 1454 352 1496 temerarius
384 1454 565 1494 extiterit
603 1450 778 1493 violator
802 1466 821 1491 ))
843 1452 1031 1507 punitur
1076 1451 1161 1505 ipso
1201 1450 1318 1491 l'acto.
1359 1449 1599 1503 «Superior
1635 1460 1732 1489 vero

106 1522 156 1566 ad
191 1536 313 1579 quem
361 1524 589 1565 recurritur
594 1554 691 1566 .......
738 1523 878 1577 puniat
924 1519 1056 1577 (eum)
1101 1520 1465 1562 animadversione
1513 1518 1733 1573 condigna,

107 1598 151 1636 ut
185 1606 313 1649 poena
363 1593 536 1636 docente
585 1592 742 1635 discant
795 1592 965 1645 iudices,
1015 1604 1138 1648 quam
1178 1603 1308 1646 grave
1357 1592 1405 1631 sit
1455 1590 1736 1632 excmnmuni·

105 1666 314 1707 cationum
364 1666 589 1706 sententias
636 1665 722 1705 sine
773 1664 1010 1705 maturitate
1059 1661 1195 1704 debita
1248 1660 1481 1703 fulminare.
1537 1659 1584 1702 Et
1634 1658 1735 1702 llaec

107 1734 251 1777 eadem
289 1735 326 1776 in
360 1735 642 1789 suspensionis
675 1738 711 1776 ct
749 1733 957 1775 interdicti
992 1734 1206 1775 sententiis
1243 1731 1434 1774 volumus
1457 1730 1670 1773 observari
1697 1745 1734 1783 >),

106 1817 214 1863 quae
248 1808 330 1847 tres
369 1820 387 1844 (ι
412 1810 504 1847 sunt
540 1817 785 1847 censurae»
824 1806 935 1846 iuxta
980 1815 1072 1847 can.
1117 1803 1244 1854 2255,
1286 1803 1314 1861 ξ
1358 1803 1389 1844 l.
1426 1828 1478 1832 —
1514 1803 1552 1844 5.
1586 1802 1735 1857 (Jongr.

107 1875 186 1919 ΕΕ.
222 1881 260 1919 61
294 1875 375 1920 RR.
410 1878 469 1918 sic
505 1878 700 1918 instruxit
733 1873 979 1919 Ordinarios
1004 1875 1040 1918 ¹:
1081 1891 1102 1915 α
1125 1874 1182 1917 Ex
1209 1876 1420 1917 canonicis
1440 1873 1635 1916 remediis
1657 1872 1734 1915 alia

110 1949 396 2003 praeveniunt,
442 1946 520 1989 alia
570 1948 799 2002 reprimunt
834 1951 871 1989 61
908 1946 1110 1989 medelam
1152 1946 1341 1988 allerunt.
1390 1945 1527 1987 Priora
1573 1944 1622 1987 ad
1659 1943 1735 1986 lioc

107 2017 346 2074 diriguntur
391 2022 432 2060 ut
477 2017 703 2074 impediant
750 2020 973 2075 quominus
1017 2016 1168 2059 malum
1214 2016 1422 2067 adveniat,
1474 2019 1515 2057 ut
1552 2013 1735 2057 scandali

106 2088 278 2143 stimuli,
313 2091 554 2132 occasiones
602 2088 872 2132 voluntariae.
918 2100 1152 2144 causaeque
1196 2087 1245 2130 ad
1281 2086 1608 2143 delinquendum
1645 2098 1734 2141 pro·

110 2161 246 2203 xlmae
283 2164 641 2202 removeantur».
677 2159 734 2202 En
773 2160 955 2202 remedia
983 2158 1183 2215 poenalia,
1208 2161 1312 2201 sicut
1340 2157 1439 2200 llaec
1473 2156 1739 2200 declarantur

110 2233 148 2273 in
173 2244 266 2275 can.
291 2231 417 2274 ⁶2:307.
448 2246 468 2271 «
492 2230 582 2274 Alia
610 2232 731 2274 linem
760 2229 909 2273 liabent
947 2229 1170 2272 revocandi
1196 2228 1485 2285 delinquentes
1509 2232 1552 2270 ut
1579 2229 1739 2283 sapiant

109 2301 327 2359 (videlicet
360 2303 595 2358 censurae),
633 2307 908 2358 reparentque
942 2301 1109 2343 admissi
1145 2302 1331 2343 criminis
1363 2300 1738 2356 consequentias»,

110 2373 220 2430 qnod
256 2377 317 2416 est
353 2386 579 2429 poenarum
619 2373 970 2416 vindicatis-arum
1007 2373 1235 2428 proprium.
1270 2370 1329 2414 De
1364 2370 1442 2413 illis
1474 2375 1610 2413 autem
1648 2381 1740 2425 pro-

116 2449 326 2500 ponuntur
358 2443 548 2500 exempla
585 2446 622 2486 in
658 2457 695 2488 n.
736 2460 755 2484 «
781 2442 845 2486 lV.
881 2443 1038 2491 Mediis,
1063 2455 1169 2499 quae
1195 2445 1480 2498 praeservant,
1518 2441 1741 2497 praecipue

109 2519 387 2558 accensentur
430 2515 661 2571 spiritualia
707 2517 970 2568 exercitia»,
1022 2526 1127 2570 quae
1170 2515 1275 2555 inter
1316 2513 1560 2568 praecipuas
1601 2511 1740 2566 poeni-

110 2588 260 2629 tentias
293 2590 511 2629 enumerat
544 2600 634 2630 can.
670 2586 798 2636 eata,
831 2587 859 2643 ξ
898 2586 932 2639 l,
968 2585 1025 2639 250,
1065 2600 1085 2625 <c
1106 2585 1352 2627 monitiones
1383 2588 1422 2626 et
1457 2586 1675 2639 praecepta
1700 2596 1740 2635 »,

110 2670 218 2714 quae
254 2673 278 2697 «
301 2661 396 2700 sunt
432 2656 613 2699 remedia
650 2656 881 2712 poenalia»
922 2659 1032 2711 (can.
1070 2654 1215 2711 2306).

231 2810 241 2831 ¹
273 2812 309 2842 11
340 2808 427 2845 Iun.
455 2809 557 2843 1880.
588 2809 688 2842 Acta
714 2807 752 2842 S.
783 2807 1020 2849 Sedis.X111‚
1047 2806 1129 2840 325.

199 2957 294 2986 BLA'I’
316 2973 334 2979 -
360 2957 486 2986 Comm.
518 2957 602 2986 Text.
627 2956 702 2984 Cori.
732 2956 804 2984 Iar.
833 2956 914 2984 Can.
1639 2951 1657 2978 4
