1981 3182
167 124 260 160 Gan.
286 124 378 159 2357
540 124 624 158 ΤιΤ.
653 124 759 158 XIV.
781 145 793 150 -
813 125 869 159 De
884 125 1035 160 delictis
1052 128 1188 160 contra
1205 129 1328 160 vitam
1346 129 1412 161 etc.
1720 128 1790 161 263

172 245 439 287 «13333133»
479 244 812 299 interpretandus
844 248 905 286 est
937 245 1079 286 stricto
1110 257 1247 299 sensu,
1279 258 1328 288 eo
1363 248 1494 301 magis
1527 246 1635 303 quod
1661 247 1711 290 ile
1736 249 1789 289 in-

167 321 280 357 cestu
314 314 366 357 ob
401 314 742 370 impedimentum
777 316 922 357 aetatis
953 316 1065 357 cavit
1097 327 1219 370 supra
1254 328 1399 371 canon,
1443 317 1494 358 de
1538 319 1694 360 incestu
1738 316 1789 360 ob

166 383 243 428 alia
280 385 575 440 impedimenta
608 389 701 428 sunt
734 384 927 441 specialia
962 397 1165 427 canonum
1193 388 1456 442 praescripta.
1482 386 1653 443 Insuper
1688 403 1708 428 «
1733 389 1788 430 le-

166 468 238 512 ges
270 455 575 498 ecclesiasticae
610 455 902 512 intelligendae
934 459 1027 497 sunt
1060 457 1288 498 secundum
1326 459 1533 513 propriam
1567 458 1787 501 verborum

171 526 512 582 significationem
539 541 558 566 »
597 526 704 583 (can.
742 526 825 581 18),
858 538 906 568 ac
940 525 1111 581 proinde
1149 526 1323 569 verbum
1352 544 1373 568 «
1397 530 1576 571 incestus
1599 544 1620 568 ))
1648 530 1789 572 3111313

169 609 303 649 sensu,
336 599 431 654 quia
467 596 547 639 lato
579 609 700 639 sensu
735 601 930 652 acceptus
964 595 1135 639 includit
1167 600 1349 641 actiones
1387 601 1595 654 proprium
1640 612 1788 642 nomen

168 667 388 724 sacrilegii,
421 667 612 710 adulterii
646 667 858 710 habentes.

287 737 471 795 Denique
502 737 578 781 sub
610 740 922 781 enumeratione
955 737 1283 795 delinquentium
1320 743 1460 782 contra
1495 753 1694 783 canonem
1723 753 1789 782 ve-

169 811 286 852 niunt
323 808 459 852 «laici
495 808 676 864 legitime
710 808 891 851 damnati
917 824 935 848 ))
973 807 1026 852 ob
1068 808 1332 865 lenocinium,
1378 811 1485 866 quod
1532 826 1551 851 (ι
1583 813 1679 854 facit
1721 814 1788 869 qui

167 881 428 936 quaestuaria
462 879 519 934 (in
555 878 736 922 libidinis
770 878 908 934 usum)
945 882 1147 935 mancipia
1182 879 1386 933 habuerit,
1420 881 1489 924 sed
1525 885 1655 938 etqui
1683 884 1719 925 111
1746 882 1789 925 11-

168 949 276 993 beris
308 950 384 993 hoc
416 955 631 1006 quaestum
665 955 847 1005 exercet,
882 952 918 992 in
954 951 1099 993 eadem
1135 963 1257 994 33333
1292 957 1364 995 est.
1399 954 1495 995 sive
1518 958 1654 996 antem
1682 955 1790 1009 prin—

164 1020 353 1076 cipaliter
386 1019 462 1063 1133
497 1022 704 1075 negotium
740 1025 869 1075 gerat,
903 1023 992 1064 sive
1026 1021 1196 1064 alterius
1230 1024 1519 1078 negotiationis
1556 1025 1791 1067 accessione

167 1094 325 1133 utatur:
359 1095 401 1133 ut
425 1095 520 1147 puta
553 1092 585 1133 si
619 1102 750 1147 caupo
785 1091 859 1133 fuit
897 1091 957 1133 131
993 1090 1255 1141 stabularius,
1290 1097 1329 1135 et
1364 1095 1567 1149 mancipia
1603 1093 1696 1136 talia
1720 1093 1789 1137 113-

169 1159 254 1203 buit
288 1163 562 1204 ministrantia
596 1166 635 1204 et
668 1164 885 1205 occasione
920 1164 1134 1205 ministerii
1169 1168 1386 1220 quaestum
1433 1163 1575 1220 (supra
1615 1164 1790 1212 (lictum)

165 1232 356 1275 facientia
380 1247 400 1273 ))
431 1233 458 1273 ¹.
493 1258 546 1263 —
578 1232 737 1289 Singuli
770 1246 893 1289 supra
928 1232 1125 1276 declarati
1160 1233 1200 1290 a)
1237 1234 1324 1291 ipso
1370 1234 1578 1290 legitimae
1622 1235 1792 1279 damna-

165 1304 286 1345 tionis
318 1304 398 1345 iam
433 1302 670 1346 declaratae
702 1302 816 1360 sacto
852 1302 1031 1361 infames
1063 1309 1174 1358 satit,
1207 1304 1388 1349 seilicet:
1429 1320 1448 1345 «
1473 1306 1640 1348 infamia
1677 1308 1790 1356 iuris,

165 1384 270 1429 3333
304 1374 392 1416 1313
425 1376 634 1416 communi
668 1376 905 1417 statuitur»
944 1375 1051 1427 (3311.
1088 1374 1213 1430 2293,
1247 1377 1271 1429 ᾗ·
1305 1376 1360 1431 2),
1396 1378 1555 1419 31133131
1579 1388 1600 1419 3
1626 1378 1715 1419 iure
1738 1378 1791 1420 ci-

164 1442 233 1485 vili
267 1445 318 1486 sit
351 1443 497 1496 aliena,
531 1449 569 1487 et
604 1443 709 1487 ultra
759 1464 774 1483 «
803 1446 1014 1488 infamiam
1056 1446 1166 1499 facti,
1198 1459 1304 1503 3333
1338 1446 1388 1489 ob
1423 1451 1628 1503 patratum
1663 1446 1788 1490 delic-

164 1518 249 1556 tum
278 1532 293 1551 »
333 1514 441 1570 (can.
475 1517 544 1557 cit.
576 1516 603 1567 ἓ
634 1514 678 1571 3)
713 1516 895 1558 fortassis
939 1515 1149 1571 publicum
1189 1521 1283 1559 ante
1317 1519 1578 1568 sententiam,
1621 1517 1683 1560 vel
1727 1530 1788 1561 se-

163 1590 291 1641 quuta
331 1591 419 1641 post
457 1585 764 1629 damnationem
809 1599 858 1629 ex
905 1588 1004 1629 iuris
1045 1589 1302 1631 notorietate.
1344 1588 1552 1645 Additque
1597 1601 1791 1644 praesens

163 1668 293 1698 canon
326 1661 501 1712 praeter
533 1655 646 1699 alias
675 1670 847 1713 poenas,
883 1662 922 1700 ut
959 1657 1182 1713 plurimum
1221 1659 1496 1702 vinilicativas
1534 1672 1790 1712 communes,

163 1739 267 1782 quas
301 1725 365 1769 liic
403 1726 831 1770 «indeterminatas»
885 1726 1144 1771 (erinarius
1178 1730 1228 1772 ad
1265 1742 1450 1772 normam
1485 1742 1574 1773 can.
1612 1730 1741 1783 1983
1770 1730 1782 1771 1

162 1796 429 1854 inlliqendas,
463 1802 629 1841 servato
663 1812 753 1841 can.
791 1799 917 1846 2218,
952 1798 1205 1842 imlz‘eaverz't
1239 1800 1364 1843 idest:
1405 1802 1613 1843 censuerit
1655 1801 1788 1843 forsan

161 1872 278 1911 extra
312 1868 524 1912 iudicium.
563 1869 635 1911 l'ro
669 1869 832 1913 delictis
865 1870 1056 1913 omnibus
1097 1870 1218 1913 liuius
1260 1873 1429 1914 canonis
1475 1871 1788 1914 memorandum

163 1941 461 1996 praescriptum
495 1946 601 1983 can·
636 1940 770 1984 2228:
811 1954 986 1997 «poena
1023 1941 1111 1997 lege
1144 1946 1292 1984 statuta
1329 1942 1417 1998 (seu
1455 1941 1664 1999 infamiae)
1709 1955 1788 1984 non

163 2010 399 2059 incurritur,
436 2013 509 2054 nisi
545 2011 741 2054 delictum
778 2011 835 2068 (v.
871 2026 932 2067 gr.
972 2014 1216 2054 «incestum
1244 2012 1287 2068 )))
1322 2014 1445 2056 fuerit
1469 2015 1506 2055 in
1531 2026 1604 2056 suo
1637 2025 1789 2069 genere

161 2078 256 2135 (1133
290 2085 368 2123 est:
403 2082 536 2138 quoad
571 2083 860 2139 congressum)
896 2085 1124 2139 perfectum
1162 2082 1323 2139 (saltem
1361 2085 1473 2126 iuxta
1498 2084 1534 2126 id
1560 2084 1668 2140 quod
1695 2096 1790 2139 pru-

161 2149 307 2193 denter
332 2152 678 2206 praesumendum
695 2153 787 2209 est),
804 2153 1033 2196 secundum
1056 2155 1348 2210 proprietatem
1372 2153 1592 2197 verborum
1624 2154 1726 2210 legis
1748 2168 1788 2209 )),

161 2232 266 2277 3333
299 2225 414 2264 actus
448 2227 641 2265 externos
672 2228 813 2266 contra
852 2228 1014 2266 sextum
1057 2223 1261 2281 quoslibet
1306 2237 1399 2267 cum
1446 2223 1674 2267 minoribus
1717 2237 1787 2267 ex-

163 2293 322 2347 pressit.

279 2362 307 2419 §
341 2362 377 2405 2.
418 2361 512 2417 Qui,
548 2369 591 2406 ut
623 2366 661 2407 in
696 2367 720 2418 ἓ
754 2365 796 2407 1ο
836 2366 1018 2408 «laici»
1047 2379 1096 2408 ex
1121 2371 1331 2419 contextu,
1366 2366 1406 2423 a)
1428 2366 1638 2422 publicum
1671 2366 1789 2409 aclul-

162 2433 273 2486 terii,
307 2434 416 2490 quod
456 2450 475 2474 «
501 2437 725 2491 requiritur
748 2437 797 2479 ad
822 2436 1059 2480 subeundas
1084 2449 1235 2493 poenas
1257 2452 1278 2477 ))
1306 2437 1485 2480 33111331;
1523 2440 1667 2494 patrati
1692 2451 1784 2480 eum

160 2504 254 2547 dolo
288 2518 358 2548 seu
393 2507 531 2548 animo
569 2506 748 2550 violandi
782 2507 905 2550 fidem
939 2507 1215 2564 coniugalem,
1248 2521 1296 2550 eo
1329 2508 1438 2565 quod
1475 2508 1553 2551 tale
1575 2508 1784 2552 vinculum

160 2580 445 2630 cognoscatur.
481 2580 520 2619 et
553 2589 647 2619 cum
681 2577 832 2620 actuali
870 2578 1015 2635 copula
1060 2577 1229 2632 carnali⁷
1263 2578 1475 2631 delictum,
1506 2579 1614 2636 quod
1660 2582 1784 2622 «iam

159 2645 420 2702 divulgatum
455 2652 515 2690 est
547 2652 617 2690 aut
654 2647 802 2691 talibus
834 2651 1007 2705 contigit
1039 2663 1111 2692 seu
1139 2654 1327 2692 versatur
1351 2651 1388 2692 in
1409 2651 1614 2693 adiunctis
1636 2656 1787 2707 utpru-

159 2715 305 2759 (lenter
338 2716 512 2760 iudicari
547 2721 672 2774 possit
706 2724 745 2761 et
778 2718 927 2763 debeat
960 2719 1077 2762 facile
1111 2719 1373 2776 divulgatum
1399 2723 1445 2763 iri
1472 2737 1492 2761 ))
1521 2720 1628 2778 (can.
1655 2721 1785 2775 2197,

276 2870 287 2892 1
315 2869 361 2903 D.
395 2869 434 2904 L.
463 2870 534 2910 ΠΙ,
565 2871 631 2904 tit.
660 2871 712 2912 11,
743 2871 769 2905 1.
798 2873 832 2906 4.
