1981 3182
111 145 202 181 Can.
231 144 326 179 2270
518 143 604 176 TJT.
634 141 741 175 VIII.
763 161 774 166 -
790 140 847 175 De
866 142 1006 185 poenis
1032 139 1334 174 medicinalibus
1672 135 1739 170 147

115 268 204 309 nias
235 267 574 317 concomitantes,
608 262 868 312 ministrare,
897 273 945 303 ac
977 263 1278 316 consequenter
1313 260 1572 302 matrimonia
1598 260 1636 300 in
1663 256 1741 299 illis

116 338 318 393 angustiis
349 337 615 391 coniungere.
650 332 874 389 Hucusque
908 331 1109 373 limitatio.

162 431 163 434 =
226 408 422 464 Sequitur
454 407 656 461 expositio
693 405 828 465 vetiti:
863 401 935 444 secl
955 399 1148 458 prohibe!
1172 401 1214 443 in
1239 400 1340 452 loco,
1359 403 1448 444 sive
1472 401 1548 444 boc
1572 406 1737 443 sacrum

114 479 166 521 sit
197 480 286 521 sive
318 478 550 534 profanum,
585 474 811 518 ‹lummodo
844 473 920 517 sub
955 473 1173 515 interdicto
1217 471 1580 529 comprehensum,
1613 471 1739 529 quost-

115 547 214 590 libet
245 547 432 591 divinum
466 547 643 605 officium
676 559 724 589 ex
761 546 975 588 recensitis
1007 543 1083 586 sub
1117 549 1223 586 can.³
1257 544 1384 596 2256,
1408 543 1466 586 n.⁰
1494 544 1548 597 1⁰,
1583 543 1646 585 rel
1677 557 1741 586 sa-

114 633 229 661 crum
261 619 404 667 ritum,
439 620 512 662 etsi
556 630 577 660 a
621 630 699 660 non
749 616 912 659 clericis
962 615 1214 670 ponendum,
1252 628 1287 658 v.
1322 628 1382 671 gr.
1418 617 1737 671 processionem,

108 689 241 732 salvis
274 689 584 747 ezcepn'onibus
619 687 761 737 tribus,
786 686 837 729 (le
869 685 1015 743 quibus
1049 685 1222 741 singulis
1255 688 1392 741 agitur
1417 685 1460 727 in
1494 688 1517 739 ξ
1550 688 1580 728 3
1613 684 1738 727 lenius

111 762 284 803 calionis
306 760 440 818 quoad
466 760 554 803 (lies
575 758 626 802 ab
651 758 869 801 interdicto
904 756 1094 799 exclusos
1118 770 1165 799 ex
1192 761 1320 799 coust.
1346 773 1367 797 ‹<
1390 756 1508 799 Alma
1546 761 1675 799 mater
1699 772 1737 811 ›)‚

108 837 145 874 et
180 831 221 874 in
255 845 345 875 caiz.
368 833 504 884 3371,
529 832 638 873 circa
673 829 781 872 dicta
816 828 948 871 officia
988 827 1049 871 vel
1083 841 1223 871 sacros
1258 830 1360 870 ritus
1391 840 1608 870 concessos
1642 832 1739 870 tem-

107 915 206 959 pore
240 902 445 945 interdicti
481 900 620 944 localis
653 899 872 956 generalis,
896 902 1035 955 3373,
1061 903 1248 955 respectu
1274 899 1515 941 eorumdem
1549 901 1582 941 si
1618 901 1738 942 inter-

112 973 267 1016 dictum
303 972 400 1015 ittuu
435 974 485 1015 sit
520 971 782 1028 particulare.
817 969 929 1013 Haec
963 972 1099 1013 omnia
1137 984 1209 1026 per
1241 970 1429 1013 ordinem
1464 985 1572 1015 nunc
1606 971 1736 1028 expli-

110 1043 239 1087 canda
273 1047 406 1086 erunt.

224 1114 349 1158 Bonis.
378 1113 462 1156 Vlll
486 1116 542 1158 ait
574 1116 696 1157 citata
724 1116 760 1156 in
788 1113 990 1156 Decretali
1020 1113 1053 1155 ¹:
1086 1130 1103 1153 ι(
1130 1113 1169 1155 ln
1207 1113 1502 1156 festivitatibus
1539 1127 1636 1157 vero
1660 1113 1735 1157 Na-

106 1184 196 1228 talis
230 1184 407 1239 Domini,
443 1184 621 1228 Paschae
655 1198 701 1227 ac
734 1184 1064 1237 l'entecostes‚et
1101 1185 1405 1240 Assumptionis
1440 1183 1619 1240 Virginis
1652 1184 1733 1240 glo-

99 1239 250 1307 riosae,
285 1268 512 1312 campanae
549 1256 774 1312 pulsentur,
810 1260 849 1298 et
883 1257 1015 1298 ianuis
1049 1258 1214 1311 apertis,
1248 1255 1325 1297 alta
1366 1268 1466 1298 voce
1498 1255 1639 1298 divina
1675 1258 1729 1297 ot-

106 1327 198 1369 ticia
231 1327 472 1369 solemniter
504 1327 783 1382 celebrentur,
808 1328 1181 1369 excommunicatis
1217 1340 1383 1381 prorsus
1407 1325 1586 1368 exclusis
1609 1329 1733 1377 (nune

106 1397 155 1440 ad
191 1410 378 1440 normam
413 1410 501 1440 can.
539 1398 680 1451 ‘’22359),
713 1398 783 1441 scd
820 1398 1049 1452 iptcrilictis
1093 1398 1301 1439 admissis:
1345 1396 1495 1454 quibus
1529 1397 1580 1440 ob
1616 1410 1732 1440 rere-

107 1469 279 1510 rentiam
314 1468 518 1511 dictarum
553 1468 860 1511 solemnitatum
881 1472 931 1521 (ct
969 1472 1011 1511 ut
1046 1470 1118 1524 ipsi
1144 1468 1194 1510 ail
1220 1467 1463 1510 humilitatis
1495 1470 1668 1523 gratiam
1695 1472 1734 1510 et

107 1538 456 1582 reconciliationis
488 1541 681 1582 affectum
719 1538 880 1582 facilius
914 1539 1179 1592 inclinentur)
1205 1540 1397 1594 praetatis
1429 1538 1575 1581 (liebus
1608 1541 1731 1594 parti-

105 1610 352 1664 cipationem
403 1612 680 1665 permittimus
727 1610 985 1661 (livinorum;
1025 1612 1083 1652 sic
1119 1616 1253 1652 tamen
1301 1610 1409 1666 quod
1461 1609 1531 1660 ult,
1567 1613 1733 1665 propter

104 1692 281 1735 quorum
315 1693 530 1723 excessum
568 1681 831 1724 interdictum
868 1681 1105 1723 huiusmodi
1140 1685 1200 1723 est
1235 1680 1436 1736 prolatum
1462 1679 1532 1734 (ab
1566 1679 1732 1722 homine

108 1749 170 1792 vel
204 1763 225 1793 a
259 1749 380 1807 iure),
414 1750 531 1794 altari
567 1751 802 1794 nullatenus
834 1754 1168 1808 appropinquent
1189 1767 1229 1795 ›>.
1267 1751 1463 1794 Martinus
1499 1764 1596 1793 vero
1630 1749 1655 1792 V
1694 1753 1731 1792 in

103 1832 177 1863 sua
209 1825 337 1864 const.
377 1836 396 1862 (‹
421 1821 630 1865 lnett'abile
670 1826 1030 1866 Sacramentum»
1061 1822 1075 1843 ²
1110 1823 1286 1879 idipsum
1321 1836 1369 1865 ac
1404 1822 1547 1865 iisdem
1597 1821 1733 1864 verbis

104 1893 307 1935 concessit
341 1894 379 1934 in
415 1894 515 1935 sesto
548 1892 741 1949 Corporis
764 1892 913 1937 Christi
949 1897 985 1936 et
1021 1893 1168 1937 diebus
1201 1898 1444 1936 octavarum
1481 1893 1731 1936 huiusmodi.

221 1961 310 2006 Hoc
348 1978 367 2003 ((
393 1966 455 2006 ius
491 1969 608 2007 vetus
641 1978 690 2007 ex
727 1967 887 2020 integro
932 1966 1054 2007 ret'ert
1077 1980 1097 2004 υ
1137 1964 1245 2020 (cau.
1282 1965 1320 2017 6,
1356 1964 1418 2021 20)
1455 1965 1473 2016 ξ
1506 1966 1548 2006 3.
1583 1962 1630 2005 In
1664 1963 1732 2005 (lie

104 2031 355 2077 Natz'vz’tatis
393 2034 573 2088 Domini,
596 2050 666 2078 seu
704 2036 757 2078 25
790 2035 1046 2089 Decembris,
1073 2034 1291 2077 paschalis
1325 2035 1533 2077 ‹lominico
1572 2050 1593 2074 ((
1616 2033 1681 2076 die
1705 2049 1727 2073 »

103 2105 209 2146 sicut
236 2109 275 2147 et
302 2103 574 2157 Pentecostes,
596 2107 856 2149 scitzclissimi
879 2105 1076 2164 Corporis
1104 2104 1278 2158 (Viris-li,
1298 2118 1465 2161 nempe:
1488 2106 1561 2149 fer.
1591 2103 1617 2145 V
1644 2108 1732 2160 post

103 2178 273 2218 octavas
317 2175 591 2230 Pentecostes,
637 2177 817 2221 exclusis
859 2177 910 2220 ob
953 2179 1215 2220 omissionem
1257 2192 1275 2216 ι(
1300 2176 1446 2219 (liebus
1487 2180 1729 2219 octavarum

103 2243 338 2288 huiusmodi
365 2262 402 2299 ³),
444 2251 486 2289 ut
508 2250 564 2290 ait
588 2247 785 2291 Martinus
813 2246 841 2290 V
880 2262 1005 2305 «quo
1038 2253 1118 2290 tam
1156 2249 1438 2303 pretiosissimi
1476 2249 1729 2289 venerationi

102 2315 357 2359 Sacramenti
389 2320 563 2361 sinceris
601 2318 815 2362 aflectibus
848 2324 887 2361 et
918 2319 1054 2374 (lignis
1096 2318 1305 2375 obsequiis
1348 2319 1557 2361 ferventer
1600 2320 1730 2360 inten-

85 2385 415 2444 -dant(ti(leles)‚
439 2391 621 2431 excitare
654 2392 894 2445 satagimus,
921 2394 1003 2433 ut...
1031 2389 1109 2431 illis
1142 2388 1307 2432 caelesti
1344 2388 1492 2445 pabulo
1531 2390 1731 2443 vegetatis

102 2457 230 2511 ipsius
275 2460 474 2501 institutio
512 2463 760 2503 sacramenti
795 2463 921 2516 prosit
957 2462 1106 2516 iugiter
1138 2460 1188 2502 att
1222 2460 1460 2502 salutem».
1496 2465 1533 2501 el
1572 2475 1593 2499 α
1616 2459 1681 2501 (lie
1704 2473 1726 2498 ))

107 2525 263 2569 Beatae
296 2527 464 2572 Mariae
506 2529 692 2586 l'z'ryim's
726 2531 767 2572 in
801 2531 959 2573 eoelum
1002 2536 1257 2586 (tsswuplae,
1291 2530 1416 2573 idest:
1455 2531 1506 2572 15
1541 2530 1730 2585 Augusti,

105 2597 375 2641 interdictum
419 2599 552 2643 locale
593 2601 805 2658 quodlibet
840 2607 882 2645 ut
917 2604 1031 2644 initio
1074 2603 1243 2644 canonis
1281 2601 1376 2644 «ab
1410 2601 1575 2644 homine
1613 2600 1673 2643 vel
1708 2612 1730 2642 a

96 2669 192 2711 'iure
218 2669 420 2724 prolatum
446 2686 486 2725 )),
510 2674 613 2714 sicut
641 2674 677 2714 in
703 2678 831 2715 const.
861 2689 882 2713 c<
900 2672 1020 2715 Alma
1037 2671 1168 2715 ‘Mater
1186 2688 1207 2712 »
1236 2685 1315 2729 qua
1341 2672 1420 2715 tale
1444 2670 1728 2729 suspenditur,

103 2751 173 2781 seu
211 2739 289 2783 illis
322 2740 468 2785 (liebus
491 2755 510 2784 a
536 2742 647 2784 clero
681 2747 719 2785 et.
752 2743 903 2799 populo
938 2756 1015 2785 non
1051 2747 1110 2785 est
1132 2743 1401 2798 servandum,
1425 2749 1464 2785 el
1484 2741 1731 2800 prohibetur

222 2847 233 2868 ¹
261 2845 352 2891 Cap.
381 2847 426 2880 24
459 2863 471 2875 a
492 2847 537 2880 de
564 2847 766 2882 sententia
791 2848 1224 2893 excommunicationis,
1246 2849 1518 2893 suspensionis
1544 2853 1583 2882 et
1612 2848 1728 2881 inter-

103 2891 201 2926 dicti
222 2908 234 2922 »
266 2893 328 2938 (V,
359 2895 416 2937 11)
444 2895 484 2927 in
512 2895 564 2929 4³3⁰.
595 2916 636 2919 —-
664 2896 677 2917 2
703 2895 747 2927 526
776 2895 870 2928 Maii
898 2896 1002 2939 1429,
1033 2898 1047 2938 ᾇ
1075 2896 1106 2930 3.
