1981 3182
195 126 261 160 194
655 125 739 159 [ΑΒ.
769 125 814 159 V.
845 145 854 150 -
882 126 992 160 PARS
1017 126 1070 159 ΙΙ.
1098 146 1109 151 -
1137 126 1193 161 De
1214 129 1351 171 poenis
1603 126 1693 161 Can.
1719 126 1813 163 2312

190 246 386 302 spondet:
427 261 449 286 α
471 258 493 288 a
526 245 747 288 diaconatu
771 258 936 302 quoque
961 244 1125 288 biennio
1163 245 1225 288 vel
1251 247 1427 289 triennio
1453 259 1526 302 pro
1560 251 1628 290 tua
1654 252 1817 290 maneat

192 318 428 373 provisione
460 329 696 371 suspensus.
732 314 789 358 De
813 315 1013 359 beneticio
1041 320 1179 359 autem
1204 316 1529 359 misericorditer
1552 322 1700 373 agatur
1722 330 1815 360 cum

191 400 253 442 co,
289 400 337 430 ne
369 389 665 430 sustentatione
702 388 900 442 privatus,
935 387 984 429 ad
1019 386 1172 429 saeculi
1207 389 1369 442 negotia
1407 392 1653 430 revertatur.
1677 387 1727 432 Ut
1750 401 1818 431 au-

191 463 271 501 tem
304 460 493 501 securius
516 459 574 500 eis
610 460 739 513 possis
773 457 878 500 hanc
904 458 1232 501 misericordiam
1268 459 1417 512 facere,
1442 458 1492 501 de
1525 459 1686 514 agenda
1721 472 1814 515 poe-

192 531 362 572 nitentia
397 528 637 585 diligentem
684 530 795 571 circa
827 542 920 571 eum
965 542 1107 571 curam
1142 542 1218 571 non
1264 529 1428 572 desinas
1460 528 1658 573 exhibere
1680 545 1720 570 )).
1756 530 1815 573 Αο

192 600 358 643 demum
395 599 512 642 Alex.
559 599 608 641 lll
649 599 919 642 pictaviensis
967 599 1158 655 Episcopi
1186 599 1197 621 ¹
1238 601 1535 657 «inquisitioni
1582 601 1716 643 taliter
1756 614 1816 643 re-

192 670 393 726 spondet;
428 670 536 727 quod
562 672 593 713 si
620 674 792 713 matrem
818 682 992 726 sponsae
1015 682 1113 713 suae
1138 672 1324 726 (nempez
1355 669 1495 713 latoris
1519 670 1816 727 praesentium)

193 743 402 798 cognovit,
437 745 476 784 et
509 753 682 797 sponsae
717 753 942 798 numquam
978 740 1200 784 carnaliter
1232 740 1432 796 adhaesit,
1467 741 1715 798 imponenda
1760 747 1819 785 est

193 814 228 855 ei
265 814 513 868 poenitentia
550 812 669 868 paulo
704 814 846 866 maior,
881 825 1005 869 quam
1043 826 1114 868 pro
1152 812 1379 855 adulterio:
1413 825 1494 870 qua
1529 818 1709 869 peracta,
1756 812 1817 856 vel

193 888 308 940 parte
342 885 484 940 ipsius,
518 885 668 940 poterit
701 896 749 926 ex
785 883 1105 939 dispensatione,
1140 897 1233 926 cnm
1267 883 1345 927 alia
1379 886 1689 926 matrimonium
1723 897 1818 927 con-

194 954 358 998 trahere
382 970 423 998 ».

312 1024 535 1068 Decretum
579 1024 756 1081 legimns
789 1025 828 1066 in
862 1022 983 1067 Conc.
1019 1023 1184 1069 T1·id.²'.
1223 1025 1487 1081 «Apostolus
1522 1031 1658 1068 monet
1684 1026 1712 1075 ³,
1749 1039 1818 1081 pu-

194 1095 298 1139 blice
332 1100 552 1152 peccantes
587 1097 721 1151 palam
756 1108 845 1138 esse
887 1095 1185 1151 corripiendos.
1220 1093 1395 1148 Quando
1430 1098 1554 1152 igitur
1597 1095 1648 1139 ab
1681 1096 1819 1153 aliquo

193 1166 370 1223 publice,
405 1171 444 1210 et
477 1168 515 1209 in
553 1166 776 1210 multorum
805 1171 1029 1222 conspectu
1063 1168 1220 1210 crimen
1246 1170 1511 1210 commissum
1548 1168 1685 1222 fuerit,
1710 1167 1818 1210 unde

193 1238 294 1281 alios
325 1237 520 1281 scandalo
544 1238 720 1281 ostensos
744 1243 1056 1294 commotosqne
1080 1238 1202 1282 fuisse
1221 1252 1299 1280 non
1324 1240 1375 1281 sit
1398 1237 1695 1282 dubitandum:
1721 1237 1817 1281 huic

193 1309 442 1365 condignam
481 1322 552 1365 pro
588 1308 709 1351 modo
743 1308 888 1365 cnlpae
922 1311 1216 1365 poenitentiam
1254 1308 1417 1365 publice
1450 1311 1608 1365 iniungi
1633 1313 1815 1366 oportet3

196 1385 237 1423 ut
269 1393 373 1437 qnos
395 1379 587 1436 exemplo
610 1393 683 1423 suo
717 1379 766 1422 ad
795 1379 922 1422 malos
945 1392 1081 1422 mores
1106 1382 1365 1436 provocavit,
1388 1393 1487 1423 suae
1521 1379 1821 1423 emendationis

195 1453 429 1494 testimonio
461 1451 511 1494 ad
547 1455 700 1493 rectam
739 1454 905 1493 revocet
941 1452 1082 1494 vitam.
1109 1449 1334 1507 Episcopus
1366 1455 1502 1494 tamen
1530 1450 1719 1507 publicae
1744 1450 1821 1494 hoc

196 1524 472 1578 poenitentiae
505 1535 637 1577 genus
670 1524 707 1564 in
743 1521 853 1564 aliud
898 1526 1103 1564 secretum
1151 1523 1299 1577 poterit
1341 1527 1611 1571 commutare,
1656 1522 1822 1580 quando

195 1595 247 1636 ita
283 1595 414 1649 magis
437 1593 688 1636 iudicaverit
710 1593 909 1648 expedire
933 1608 970 1635 )).
1009 1592 1094 1635 Duo
1118 1606 1167 1635 ex
1194 1592 1270 1636 hoc
1293 1597 1408 1636 textu
1432 1594 1658 1648 interimus,
1690 1595 1822 1650 primo

194 1664 362 1721 quidem
399 1666 673 1720 poenitentiae
707 1663 1030 1717 distinctionem,
1064 1668 1125 1706 ast
1157 1663 1355 1717 secundo,
1399 1666 1494 1721 quia
1530 1666 1567 1706 in
1612 1676 1708 1707 casu
1742 1666 1823 1707 cri·

197 1737 318 1778 minis
352 1735 505 1792 publici
539 1733 677 1778 Codex
714 1748 792 1777 non
828 1736 1139 1791 poenitentiam,
1172 1735 1241 1777 sed
1280 1747 1453 1791 poenam
1480 1734 1748 1791 praescribat,
1781 1739 1820 1778 et

195 1807 246 1849 de
282 1808 530 1863 poenitentia
565 1806 814 1863 quandoque
849 1805 1096 1862 imponenda
1131 1818 1220 1848 can.
1254 1819 1432 1863 sequens
1465 1808 1502 1848 in
1537 1806 1618 1849 tine
1642 1811 1821 1860 moneat,

197 1878 247 1920 de
282 1877 525 1920 limitatione
559 1876 749 1934 publicae
784 1878 1059 1933 poenitentiae
1084 1877 1158 1919 l'nit
1189 1876 1388 1920 sollicitus
1419 1876 1447 1934 ς’
1468 1879 1512 1921 2.
1540 1875 1598 1919 Ob
1620 1876 1818 1919 delictum

198 1948 306 2005 (can.
333 1948 462 2003 2195>
497 1949 661 2004 proprie
685 1948 856 2001 dictum,
892 1952 966 1989 siut
990 1938 1367 2004 trcmsqressiotiem
1393 1946 1495 2003 legis
1514 1946 1820 1990 ecclesiasticae

198 2019 247 2063 ad
284 2019 381 2062 illud
418 2032 496 2062 non
523 2021 840 2076 pertingentem,
863 2018 1082 2069 occultam,
1114 2018 1280 2075 quando
1303 2031 1453 2075 nempe
1488 2017 1587 2062 illud
1611 2020 1733 2061 etiam
1761 2020 1822 2061 iu-

197 2090 402 2134 dicialiter
436 2092 570 2146 puniri
606 2103 684 2133 non
721 2094 856 2147 posset
888 2089 937 2133 ad
974 2102 1159 2132 normam
1194 2095 1301 2133 can.⁸
1336 2089 1446 2132 1933
1479 2089 1508 2147 g
1536 2089 1573 2144 1,
1608 2102 1822 2147 nunquam

196 2160 458 2219 poenitentia
489 2160 659 2219 publica
693 2160 950 2218 imponatur,
993 2162 1187 2217 quamvis
1220 2159 1313 2203 illae
1358 2164 1543 2203 secretae
1578 2159 1711 2203 locum
1755 2160 1824 2202 det

199 2238 305 2276 031ιὲι
340 2232 451 2275 2312
485 2234 543 2285 §¹¹⁵
572 2232 624 2274 la.
660 2231 906 2288 Exemplum
942 2230 1059 2274 nobis
1091 2231 1208 2274 ollert
1249 2229 1439 2274 Clemens
1471 2230 1519 2273 lll
1555 2230 1605 2274 de
1646 2249 1660 2269 «
1687 2243 1822 2274 sacer-

197 2303 363 2347 dotibus
395 2305 569 2359 graecis.
603 2302 754 2360 quibus
787 2302 971 2358 legitimo
1007 2304 1268 2345 matrimonio
1302 2300 1397 2345 licet
1429 2304 1485 2344 uti
1510 2317 1530 2343 »
1560 2302 1587 2346 ⁴.

316 2373 488 2430 Propter
522 2375 797 2430 poenitentiae
831 2378 1019 2416 naturam
1054 2371 1130 2415 sub
1165 2374 1430 2429 inscriptione
1462 2374 1608 2429 capitis
1640 2371 1823 2416 declara-

198 2448 296 2499 tam,
328 2444 523 2487 admonet
553 2446 574 2497 ἓ
604 2445 646 2487 3.
677 2442 976 2500 Poenitentiae‚
1000 2445 1106 2487 sicut
1130 2445 1168 2486 in
1203 2444 1291 2486 foro
1316 2445 1475 2486 interno
1500 2445 1553 2487 ita
1574 2445 1612 2486 in
1637 2448 1823 2493 externo,

198 2527 279 2556 tion
315 2519 398 2556 tarn
421 2516 647 2556 seeumtmn
670 2514 949 2571 quantitatem
975 2515 1274 2570 praesuppositi
1308 2527 1356 2557 ex
1381 2512 1427 2572 §⁰
1453 2514 1496 2556 1ξι
1518 2512 1678 2567 delicti,
1701 2527 1824 2570 quam

199 2584 425 2627 secundum
454 2585 711 2642 poenitentis
743 2585 794 2628 de
830 2589 987 2641 patrato
1021 2584 1171 2628 delicto
1205 2584 1499 2628 contritionem
1543 2586 1727 2628 exterius
1760 2598 1822 2627 re-

201 2655 405 2698 lucentem
440 2654 725 2698 moclemmdae
757 2660 868 2711 sunt,
903 2657 955 2698 ita
991 2660 1034 2697 ut
1066 2654 1296 2698 secundum
1341 2654 1450 2698 illius
1493 2654 1822 2710 magnitudinem

318 2784 329 2805 ¹
357 2783 449 2827 Cap.
479 2786 497 2816 2
532 2799 545 2813 α
559 2783 604 2817 de
619 2795 662 2817 eo
681 2783 748 2828 qui
766 2783 954 2828 cognovit
971 2782 1305 2828 consanguineam
1323 2783 1458 2817 uxoris
1477 2793 1570 2817 suae
1585 2798 1599 2812 ι
1623 2782 1688 2816 tit.
1710 2782 1821 2826 XIII,

200 2830 286 2865 Lib.
314 2830 381 2871 lv,
410 2830 460 2864 X.
490 2850 534 2856 -—
559 2831 572 2852 ‘2
600 2830 692 2875 Cap.
720 2831 753 2871 8,
781 2842 875 2864 sess.
904 2830 1050 2871 XXIV,
1076 2831 1133 2864 De
1159 2830 1243 2864 Res.
1274 2851 1317 2855 —
1343 2831 1357 2852 3
1382 2830 1400 2864 Ι
1419 2830 1466 2864 ad
1486 2829 1659 2864 Timoth.
1688 2829 1733 2873 V,
1763 2830 1821 2862 20.

204 2897 247 2904 —
273 2880 285 2899 ⁴
313 2877 404 2922 Cap.
433 2878 454 2912 7
486 2893 500 2907 ι
516 2877 561 2911 de
582 2878 842 2922 poenitentiis
860 2882 901 2912 et
919 2877 1216 2912 remissionibus
1233 2894 1245 2908 ι
1277 2878 1342 2911 tit.
1364 2877 1591 2918 XXXVIII,
1609 2876 1692 2911 Lib.
1712 2876 1755 2911 V.
1774 2876 1822 2910 X.
