1981 3182
123 130 213 167 Gan.
237 130 331 165 2345
491 132 572 166 Τιτ.
592 132 701 166 Xtti.
723 153 728 156 -
753 133 807 166 De
832 133 981 166 delictis
1007 136 1141 166 eontra
1167 144 1226 167 res
1252 135 1376 168 eccles.
1680 135 1747 167 241

127 251 213 305 ipso
246 249 414 293 domino
439 263 523 293 rem
553 249 614 293 rel
641 252 702 293 ius
725 254 928 307 occupant
961 253 1077 306 quasi
1102 251 1150 294 ad
1175 265 1217 295 se
1243 254 1450 308 pertinens
1473 269 1513 307 ›>,
1531 252 1594 296 vel
1616 253 1746 296 solum

125 318 373 375 detinentes,
393 332 439 363 ac
472 323 530 364 sic
564 320 809 376 impediunt,
832 323 1054 378 quominus
1088 324 1278 378 proprius
1311 322 1503 366 dominus
1536 323 1614 366 illis
1647 324 1748 366 forte

125 403 198 446 per
230 390 332 434 alios
367 393 574 446 usurpatis
605 391 1041 435 truatur.alterutrum
1077 391 1272 435 delictum
1307 398 1589 449 perpetrantes
1621 399 1749 451 a)per

123 474 167 503 se
198 460 261 503 vel
293 459 336 518 b)
358 474 435 518 per
467 461 600 503 aliam
634 461 812 504 iubendo
847 460 910 503 vel
945 462 1212 517 cogeudo,ac
1245 467 1342 506 tunc
1377 465 1413 505 in
1451 466 1661 519 proprium
1697 465 1748 506 sa-

126 544 292 583 vorem3
327 531 534 575 obiectum
573 545 670 574 vero
706 531 944 588 multiplicis
976 531 1113 575 delicti
1153 533 1349 576 declarati
1383 539 1475 576 sunt
1508 534 1744 589 singulatim

121 604 159 657 a)
197 601 301 646 bona
335 603 527 660 equidem
563 602 820 658 temporalia,
846 602 1010 645 mobilia
1049 603 1110 646 vel
1148 603 1386 659 immobilia,
1410 618 1480 647 seu
1516 604 1577 647 his
1609 608 1744 662 aequi·

124 677 279 728 parata,
315 678 389 715 aut
423 672 465 729 b)
502 673 598 715 iura
633 685 797 729 quoque
831 674 869 715 in
905 674 1084 729 praelata
1134 673 1254 724 hona,
1289 687 1395 731 quae
1428 676 1507 717 sint
1540 677 1744 717 territoria

122 743 257 786 t'orsan
296 743 358 786 vel
394 743 557 800 palatia,
590 743 645 785 as!
677 742 907 786 Ecclesiam
943 742 1188 793 Romanam,
1224 757 1301 787 uon
1345 744 1477 787 solum
1525 745 1635 788 velut
1668 747 1744 788 siu-

121 813 307 869 gularem
342 814 582 867 dioecesim,
619 814 678 856 vel
714 813 949 869 specialiter
981 814 1029 856 ad
1067 814 1282 858 Basilicam
1315 815 1355 858 S.
1387 814 1549 857 Ioannis
1582 815 1744 858 Latera-

120 886 269 938 uensis,
290 884 326 928 S.
351 884 471 939 Petri,
496 884 565 927 sed
601 884 650 927 ad
687 883 796 926 illam
832 883 1058 927 Ecclesiam
1091 885 1365 942 pertinentia,
1392 888 1524 941 prouti
1561 885 1659 929 llaec
1692 885 1743 928 ol)

119 956 337 1002 Summum
375 956 611 998 Pontiticem
650 955 803 1011 gaudet
854 957 1029 1012 primatu
1081 959 1118 998 in
1170 956 1445 999 universalem
1490 956 1740 1001 Ecclesiam:

119 1026 318 1081 praedicti
368 1025 657 1083 delinquentes
704 1026 854 1082 singuli
899 1032 937 1069 et
980 1027 1046 1069 alii
1095 1029 1130 1068 vi
1171 1033 1278 1070 can.s
1310 1028 1417 1070 2231
1456 1027 1740 1083 comprehensi

116 1099 154 1148 a)
187 1094 443 1145 subiaceant,
478 1109 556 1139 non
591 1110 710 1139 secus
743 1110 789 1139 ac
826 1099 862 1138 in
897 1096 1031 1141 Consi.
1057 1113 1075 1137 «
1100 1097 1363 1153 Apostolicae
1395 1098 1554 1140 Sedis»
1584 1097 1638 1139 Pii
1675 1097 1741 1150 lx,

115 1166 538 1209 eoeeomnmni'ealioni
570 1166 684 1208 latae
717 1167 949 1209 sententiae
985 1167 1162 1224 speciali
1196 1167 1312 1211 morlo
1348 1167 1446 1210 ,secti
1477 1167 1742 1225 Apostolieae

114 1241 383 1280 reservatae:
415 1242 453 1278 et
488 1239 525 1278 in
560 1239 696 1292 specie
731 1237 767 1278 si
801 1236 944 1279 cleriei
967 1237 1017 1280 ol)
1046 1240 1265 1294 «primam
1301 1239 1446 1281 saltem
1481 1243 1735 1281 tonsuram»

117 1307 226 1363 (can.
262 1308 359 1360 108,
392 1310 417 1361 g
453 1306 494 1364 1)
528 1312 650 1364 atque
688 1324 709 1347 α
733 1308 780 1350 ad
821 1313 970 1351 statum
1017 1308 1202 1358 laicalem
1248 1309 1468 1365 (uiuidum)
1516 1311 1734 1365 regressi»

114 1377 222 1434 (can.
250 1377 348 1432 211,
371 1380 395 1432 g
420 1377 462 1435 Ξ)
496 1378 656 1435 suerint
691 1377 925 1422 huiusmodi
960 1379 1262 1436 delinquentes,
1283 1386 1505 1437 praeterea
1537 1380 1578 1437 b)
1602 1379 1737 1436 (lt'yni-

115 1447 271 1491 tatibus
294 1448 346 1491 ab
371 1448 546 1492 Abbatia
580 1449 630 1491 de
665 1451 865 1504 regimine
899 1455 966 1492 aut
993 1450 1227 1493 l’raelatura
1263 1450 1415 1493 nullius
1448 1455 1484 1493 et
1518 1464 1656 1506 supra,
1681 1450 1738 1491 lie-

112 1518 274 1575 nefieiis
298 1522 462 1576 proprie
486 1520 606 1563 dictis
629 1519 737 1576 (can.
765 1520 910 1577 1400),
934 1521 1080 1578 officiis
1103 1537 1123 1562 α
1146 1524 1288 1565 stricto
1321 1535 1442 1564 seusu
1469 1538 1487 1562 J)
1512 1522 1620 1578 (can.
1646 1522 1737 1572 1425,

112 1590 139 1646 ,ξ
174 1588 230 1646 ⁶2),
260 1590 547 1647 pensionibus,
581 1595 699 1647 prout
735 1590 810 1633 liae
844 1593 892 1634 ad
927 1606 1016 1635 can.
1056 1592 1163 1634 1424)
1198 1592 1392 1635 delinitae
1426 1606 1471 1635 ac
1505 1592 1738 1635 declaratae

112 1662 289 1716 suerunt,
322 1661 544 1718 priventur
576 1663 767 1718 equidem
806 1665 841 1705 iu
880 1663 1031 1706 iudicio
1075 1663 1279 1706 criminali
1316 1664 1422 1720 (can.
1465 1664 1586 1717 1933,
1618 1664 1645 1721 ξ
1680 1664 1735 1719 1),

111 1735 236 1787 atque
268 1730 308 1787 c)
337 1747 359 1772 «
381 1731 519 1776 clerici
544 1748 566 1773 ›>
606 1738 645 1775 ut
679 1746 802 1787 supra
838 1732 1044 1776 inhabiles
1079 1734 1133 1776 ad
1165 1734 1324 1787 eadem,
1355 1737 1443 1777 sixe
1478 1734 1614 1778 habita
1649 1737 1736 1777 site

108 1800 185 1844 alia
222 1803 260 1844 in
296 1808 504 1858 posterum
540 1803 728 1847 habenda
763 1803 1034 1846 declarentur
1067 1807 1104 1847 iu
1140 1805 1283 1848 eadem
1329 1809 1542 1849 sententia.
1580 1806 1736 1848 Poenae

111 1884 183 1928 pro
216 1871 378 1916 clericis
410 1879 503 1916 sunt
539 1887 682 1917 revera
719 1875 912 1918 ferendae
935 1879 1177 1924 sententiae,
1195 1876 1265 1919 sed
1292 1877 1589 1919 determinatae
1613 1881 1735 1933 atque

112 1942 221 1986 «lex
258 1946 384 1987 utitur
418 1948 694 2001 praeceptix-is
732 1946 867 1989 verbis
892 1963 910 1986 »
940 1946 1047 2003 (can.
1084 1947 1210 2001 2223,
1246 1950 1269 2000 g
1304 1947 1359 2003 3).

227 2015 324 2057 187.
361 2017 594 2062 Defensio
644 2020 962 2074 proprietatis
1005 2021 1245 2064 bonorum
1289 2021 1732 2065 ecclesiasticorum

107 2100 374 2143 eorumque
406 2088 646 2134 fruetuum
683 2088 801 2144 plene
834 2093 1043 2145 assumpta
1078 2094 1136 2131 est
1170 2103 1190 2132 a
1214 2089 1466 2133 Conc.'l'i·id.
1494 2092 1529 2132 in
1556 2102 1644 2146 cap.
1670 2091 1732 2135 11,

104 2170 204 2200 sess.
240 2156 349 2200 xxti
384 2158 434 2200 (le
468 2158 773 2202 Reformationo
807 2159 869 2203 his
905 2159 1061 2204 verbis:
1109 2176 1127 2201 ((
1151 2163 1189 2203 si
1223 2174 1344 2217 quem
1380 2160 1625 2203 clericorum
1669 2161 1729 2203 xel

108 2227 322 2283 laicorum,
347 2241 609 2286 quacumque
644 2232 676 2271 is
709 2231 922 2286 dignitate,
948 2233 1069 2274 etiam
1097 2231 1302 2286 lmperiali
1336 2237 1403 2274 aut
1438 2231 1579 2287 Regali
1616 2244 1730 2288 prae-

106 2298 273 2354 fulgeat,
308 2302 344 2341 in
381 2304 537 2342 tantum
575 2300 775 2344 malorum
826 2304 1008 2344 omnium
1047 2302 1176 2349 radix,
1212 2303 1416 2358 (timiditas
1449 2305 1731 2358 occupaverit,

106 2374 148 2412 ut
180 2368 354 2413 alicuius
386 2370 598 2421 ecclesiae,
618 2384 689 2413 seu
715 2374 899 2415 cuiusxis
931 2373 1156 2415 saecularis
1192 2372 1253 2415 vel
1291 2373 1492 2428 regularis
1527 2372 1731 2427 beneficii,

106 2442 306 2483 montium
342 2443 517 2497 pietatis,
551 2440 811 2499 aliorumque
846 2445 1006 2499 piorum
1044 2443 1227 2486 locorum
1262 2444 1579 2494 iurisdictiones,
1610 2443 1730 2496 bona,

103 2508 251 2554 census
273 2524 320 2554 ac
348 2514 450 2565 iura,
474 2514 595 2555 etiam
622 2513 800 2556 feudalia
833 2519 871 2556 et
903 2513 1227 2570 emphyteutica,
1248 2515 1418 2569 fructus,
1437 2515 1728 2569 emolumenta,

102 2594 173 2624 seu
209 2593 492 2640 quascumque
526 2582 811 2639 obventiones,
835 2598 941 2641 quae
966 2587 1003 2627 in
1031 2587 1311 2628 ministrorum
1338 2590 1377 2628 et
1402 2599 1628 2642 pauperum
1664 2600 1729 2629 ne-

101 2653 313 2695 cessitates
345 2656 532 2696 converti
568 2653 734 2708 debent,
770 2669 841 2710 per
874 2669 917 2698 se
955 2655 1016 2698 vel
1053 2669 1125 2712 per
1158 2656 1273 2709 alios,
1311 2659 1347 2698 vi
1387 2657 1447 2700 vel
1488 2659 1634 2700 timore
1670 2660 1726 2699 ii·-

99 2735 233 2778 eusso,
268 2736 338 2766 seu
374 2727 497 2766 etiam
534 2738 605 2781 per
638 2728 870 2780 suppositas
902 2739 1096 2782 personas
1129 2727 1374 2770 clericorum
1410 2733 1478 2771 aut
1514 2728 1726 2778 laicorum,

100 2806 172 2836 seu
206 2806 469 2852 quacumque
502 2800 603 2848 arte,
637 2800 705 2838 aut
749 2810 1012 2854 quocumque
1056 2801 1241 2854 quaesito
1283 2798 1435 2853 colore,
1470 2801 1506 2841 in
1542 2801 1727 2855 proprios

100 2877 198 2908 usus
229 2870 489 2920 convertere,
526 2865 698 2923 illosque
734 2880 934 2923 usurpare
970 2871 1306 2925 praesumpserit,
1335 2882 1405 2912 seu
1442 2870 1643 2925 impedire
1678 2884 1726 2912 ue

182 2953 279 2982 BLAT
301 2969 320 2976 ··
346 2954 468 2983 C'omm.
497 2955 582 2984 Tere.
608 2955 682 2984 Coa.
707 2956 779 2984 Iar.
806 2957 886 2985 Can.
1052 2982 1055 2987 ,
1604 2959 1643 2987 16
