1981 3182
619 168 746 194 INDEX
772 168 966 195 GANONUM
991 171 1042 195 ΕΤ
1068 170 1349 196 ΟΟΜΜΕΝΤΑΒῙΙ

655 349 792 397 CAPUT
817 348 869 383 II.
899 369 940 373 —
969 349 1023 384 De
1048 349 1312 393 poenitentiis.

170 454 349 490 Canones
373 455 480 498 2312,
509 455 603 489 2313
646 484 653 491 .

169 514 380 559 Inscriptio
405 514 546 559 capitis
573 514 771 559 huiusque
802 524 983 548 canones

170 573 446 608 Poenitentiae
472 584 627 618 scopus,
655 573 800 607 divisio
826 576 866 607 et
896 573 1097 617 impositio

170 632 513 667 Poenitentiarum
539 632 815 666 canonicarum
845 631 1033 666 elenchus
1086 659 1092 665 .

790 821 928 859 PARS
959 820 1170 859 TERTIA.

554 910 630 953 De
664 910 844 964 poenis
878 910 929 952 in
963 909 1169 966 singula
1202 909 1408 952 delicta.

167 1036 379 1083 Inscriptio
406 1037 537 1071 Partis
563 1037 726 1081 eiusque
753 1036 794 1070 in
822 1036 964 1070 titulos
991 1036 1222 1071 distributio

846 1188 915 1224 TlT
923 1187 1032 1225 L'LUS
1058 1187 1112 1224 Xi.

431 1273 487 1307 De
516 1272 681 1307 delictis
709 1275 849 1307 contra
874 1272 997 1306 fidem
1027 1274 1065 1306 et
1094 1272 1288 1306 unitatem
1321 1271 1540 1306 Ecclesiae.

167 1379 344 1415 Canones
369 1380 575 1414 2314-2319
641 1406 648 1413 .

166 1438 379 1483 Inscriptio
405 1439 531 1473 Tituli
557 1443 598 1473 et
625 1450 820 1473 canonum
851 1438 1097 1473 coordinatio

167 1497 367 1532 Adversus
392 1503 608 1542 apostatas,
636 1497 856 1534 haereticos
884 1502 922 1531 et
948 1497 1220 1531 schismaticos

167 1556 315 1591 Contra
340 1562 566 1602 suspectum
592 1556 638 1590 de
664 1556 815 1590 haeresi
862 1585 868 1590 .

167 1615 346 1661 Suspicio
371 1615 418 1650 de
443 1615 596 1651 haeresi
623 1616 670 1650 ob
698 1616 820 1650 huius
848 1615 1029 1650 iuvamen
1084 1642 1091 1649 .

166 1675 366 1710 Adversus
392 1675 576 1710 docentes
604 1676 667 1710 vel
694 1675 950 1709 deiendentes
975 1674 1262 1719 propositiones
1288 1674 1491 1708 damnatas
1526 1701 1532 1707 .

165 1734 460 1779 Propositiones
495 1734 704 1769 damnatae
743 1746 832 1768 cum
870 1733 1275 1768 excommunicatione
1312 1733 1414 1767 latae
1453 1744 1536 1766 sen-

260 1794 423 1828 tentiae.

165 1851 311 1887 Contra
345 1851 624 1897 delinquentes
664 1852 817 1886 ratione
856 1852 1111 1896 quorumdam
1146 1851 1334 1885 librorum
1364 1849 1534 1895 prohibi-

259 1915 390 1945 torum
423 1939 429 1946 .

165 1968 311 2004 Contra
331 1969 486 2012 delicta,
517 1981 616 2016 quae
656 1974 702 2005 ut
740 1970 956 2015 plurimum
989 1969 1174 2003 accidunt
1205 1969 1244 2003 in
1269 1967 1535 2003 matrimoniis

258 2029 396 2063 mixtis
424 2058 430 2064 .

843 2169 1029 2206 TITL'LL'S
1055 2169 1123 2205 xil.

635 2256 692 2290 De
721 2254 881 2289 delictis
908 2256 1051 2288 contra
1079 2252 1327 2294 religionem.

164 2349 342 2387 Canones
366 2350 572 2385 2320-2329
641 2377 648 2384 .
862 2377 868 2383 .
973 2376 979 2382 .
1084 2375 1090 2381 .

164 2408 346 2444 Schema:
376 2409 537 2444 Titulus
565 2409 656 2443 XII.
686 2404 745 2444 De
772 2408 929 2443 delictis
955 2413 1091 2442 contra
1116 2406 1349 2452 religionem
1415 2433 1420 2438 .

138 2468 375 2513 -Inscriptio
401 2468 529 2502 Tituli
556 2472 596 2502 et
622 2467 716 2502 ordo
743 2478 938 2502 canonum
970 2495 976 2501 .

162 2527 317 2561 Delicta
342 2533 480 2562 contra
507 2527 798 2562 sanctissimam
824 2525 1115 2560 Eucharistiam

163 2586 319 2621 Delicta
344 2587 386 2621 in
412 2586 533 2621 Missa
560 2597 628 2631 per
656 2585 904 2620 Sacerdotem
930 2584 1125 2619 celebrata
1192 2609 1200 2617 .

161 2645 378 2680 Ministerii
403 2645 659 2680 sacerdotalis
684 2645 892 2690 usurpatio

162 2703 318 2738 Delicta
343 2708 480 2739 contra
506 2704 773 2739 reverentiam
799 2703 940 2738 Divini
965 2701 1146 2736 Nominis
1195 2728 1201 2735 .

162 2761 316 2797 Delicta
341 2763 443 2798 circa
468 2763 668 2808 stipendia
693 2762 908 2796 missarum
973 2788 980 2794 .

164 2820 221 2856 Ob
247 2823 571 2867 superstitionem
601 2822 661 2858 vel
689 2821 945 2866 sacrilegium
971 2821 1012 2854 in
1040 2831 1203 2865 genere.

160 2880 315 2915 Delicta
340 2881 388 2915 ob
413 2882 532 2916 falsas
558 2881 748 2927 reliquias

1596 405 1673 428 CAN.

1525 601 1532 606 .
1584 573 1677 607 2312

1523 659 1530 666 .
1582 632 1675 666 2313

1524 1524 1530 1529 .
1582 1496 1677 1529 2314

1525 1582 1531 1588 .
1583 1554 1677 1589 2315

1524 1642 1530 1647 .
1583 1613 1677 1648 2316

1583 1672 1675 1708 2317

1519 1935 1526 1942 .
1579 1907 1674 1941 2318

1523 2053 1529 2059 .
1582 2025 1676 2060 2319

1522 2550 1528 2556 .
1582 2522 1676 2557 2320

1524 2611 1529 2616 .
1582 2582 1674 2615 2321

1524 2670 1529 2675 .
1583 2640 1676 2674 2322

1526 2728 1531 2732 .
1585 2699 1677 2733 2323

1526 2786 1531 2791 .
1584 2758 1678 2792 2324

1526 2845 1532 2851 .
1584 2817 1678 2850 2325

1520 2903 1526 2910 .
1579 2875 1673 2910 2326

1725 162 1796 198 329

1710 405 1792 427 PAG.

1719 442 1795 491 ‘193

1749 526 1769 549 »

1751 587 1767 606 ))

1726 632 1794 667 195

1727 1036 1795 1070 196

1729 1377 1794 1412 197

1728 1437 1795 1471 198

1725 1554 1795 1588 202

1725 1629 1795 1707 283

1722 1789 1793 1823 204

1722 1907 1792 1941 205

1725 2024 1794 2059 206

1724 2344 1794 2379 207

1723 2403 1794 2437 208

1723 2521 1793 2555 209

1723 2580 1794 2614 210

1724 2640 1793 2673 211

1725 2698 1795 2731 214

1725 2815 1795 2849 215

1721 2874 1792 2908 216
