1981 3182
267 128 337 162 322
638 126 723 160 Lus.
745 126 790 160 V.
812 145 825 151 ·
843 125 952 160 PARS
969 126 1041 160 111.
1063 147 1074 152 -
1094 126 1150 161 De
1163 129 1300 171 poenis
1319 129 1362 161 in
1379 128 1520 162 delicta
1568 125 1660 163 Can.
1686 127 1892 166 2413-2414

271 253 380 291 terea
414 247 549 305 quoad
576 259 772 303 praeseus
809 245 1040 288 Antistium
1071 244 1223 302 officio,
1257 259 1335 302 quo
1372 245 1624 303 fimymitur,
1653 247 1888 304 priventur.

269 319 385 373 Quae
420 329 564 374 poena,
600 321 642 360 ut
676 320 799 373 patet,
849 315 983 359 locum
1033 316 1169 369 babet,
1202 329 1322 360 secus
1353 329 1401 360 ac
1440 317 1706 372 praecedens,
1753 317 1886 361 solum

266 389 433 447 quaudo
467 388 660 431 Antistita
695 386 1104 444 511’1101111(1110113.-
1148 386 1318 430 Videtur
1359 400 1557 430 canonem
1602 388 1887 432 considerasse

267 474 390 503 sexus
424 457 680 503 debilitatem
716 460 753 501 111
789 457 856 501 illa
889 458 1037 502 delicta
1062 460 1385 515 propensiorem,
1408 458 1480 501 sed
1515 471 1594 501 non
1627 463 1722 502 sunt
1753 459 1891 503 exclu-

267 533 354 575 siva
391 530 627 583 mulierum,
662 530 756 573 binc
788 528 993 585 subditur,
1027 531 1097 586 qui
1146 543 1194 572 ex
1239 528 1360 572 dictis
1393 528 1520 584 liquet
1551 528 1578 586 ἓ
1610 530 1648 572 2.
1687 529 1805 584 Quae
1846 529 1891 572 in

267 601 487 660 superiore
515 598 791 658 parayraplio
822 600 1089 658 praescripta
1112 606 1222 651 sunt,
1255 599 1383 642 etiam
1406 599 1589 643 virorum
1614 599 1889 657 reliqionibecs

269 678 307 717 et
346 688 365 714 «
388 671 656 716 societatibus
677 673 766 715 sine
801 672 944 714 votis»
974 672 986 693 ²
1020 670 1299 728 applicentur.

389 744 486 787 260.
521 746 754 790 Antistita
786 744 1076 800 delinquens
1108 746 1280 789 contra
1312 744 1590 788 libertatem
1630 743 1892 788 confessio-

270 818 358 862 nis.
394 841 446 846 ——
482 814 598 858 Ratio
633 814 777 858 ultimo
810 814 918 857 diota
944 813 1106 870 impulit
1130 813 1421 870 legislatorem,
1455 817 1498 856 ut
1521 813 1749 857 extendens
1771 826 1808 856 n.
1836 813 1885 856 11

268 885 380 930 Deo.i
413 885 451 928 S.
487 884 529 929 C.
554 884 605 928 de
630 883 833 940 religiosis
857 885 870 906 ²
895 885 1119 927 conticeret
1144 884 1332 926 ultimum
1357 882 1520 927 Codicis
1543 897 1633 926 ean.
1656 885 1789 926 2414.
1813 884 1892 926 An-

271 956 423 1010 !islita,
457 961 501 1000 ut
535 955 757 1012 plurimum
795 954 948 1008 localis,
981 967 1029 997 ae
1072 957 1231 997 etiamsi
1273 957 1402 997 maior
1434 956 1498 1008 sit,
1537 968 1643 1011 quae
1675 957 1712 1008 a)
1746 960 1894 997 eontra

266 1027 578 1086 praeseriplmn
611 1040 701 1068 caii.
726 1028 828 1076 521,
859 1025 945 1083 ἐῶ),
964 1028 1073 1078 522,
1090 1027 1185 1068 523
1206 1025 1255 1068 ad
1290 1026 1558 1069 confessionis
1581 1024 1812 1068 libertatem
1832 1029 1894 1068 tu-

269 1098 435 1142 tandam
469 1097 744 1150 conditorum,
779 1101 818 1139 et
850 1096 958 1153 quod
986 1095 1197 1152 multiplex
1226 1098 1525 1152 praescriptum
1559 1095 1613 1139 ibi
1637 1095 1893 1139 declaratum

269 1174 342 1219 est,
376 1183 420 1212 se
448 1168 641 1226 yesserit,
674 1172 713 1212 et
746 1167 822 1211 boo
859 1166 1030 1210 verbum
1057 1166 1135 1210 late
1171 1171 1291 1223 patet,
1312 1181 1337 1208 α
1360 1166 1441 1209 loci
1467 1165 1699 1209 Ordinario
1731 1179 1894 1209 ¹monea-

272 1246 351 1295 licr,
386 1242 547 1283 etiamsi
580 1244 771 1295 exempta
820 1240 923 1281 toret
957 1237 1217 1294 regularibus
1264 1236 1463 1292 subiecta,
1497 1251 1592 1280 oum
1626 1239 1664 1280 in
1698 1236 1775 1281 hac
1808 1249 1894 1281 ma-

271 1314 370 1355 teria
405 1312 706 1355 confessionum
743 1309 902 1352 illinon
937 1308 999 1352 bis
1021 1307 1291 1362 subiiciatur;
1328 1307 1370 1365 b)
1410 1307 1448 1350 si
1480 1307 1632 1350 iterum
1654 1306 1894 1365 deliquerit,

269 1385 481 1440 supposita
515 1383 740 1424 monitione
775 1381 954 1437 praefata
988 1378 1040 1423 ob
1074 1381 1186 1436 prius
1218 1379 1430 1430 delictum,
1461 1377 1510 1421 ab
1543 1377 1684 1421 eodem
1717 1375 1893 1423 Ordina-

272 1456 331 1497 rio
365 1452 497 1511 officii
525 1452 767 1510 privatione
795 1451 1017 1509 puniatur,
1041 1452 1109 1507 qui
1134 1450 1255 1494 debet
1281 1452 1448 1506 insuper
1470 1449 1700 1506 adimplere
1722 1461 1894 1507 sequen·

272 1527 321 1568 tis
369 1523 579 1568 clausulae
629 1525 951 1579 praescriptum:
987 1534 1024 1577 e)
1058 1520 1173 1564 illico
1223 1526 1359 1563 tamen
1397 1520 1576 1563 certiore
1611 1518 1729 1578 facta
1762 1519 1895 1562 Sacra

276 1594 608 1653 Conyreyatione
654 1593 704 1636 (le
738 1592 977 1650 Reliqiosis.
1012 1592 1209 1650 Loquitur
1243 1592 1307 1635 lex
1343 1593 1619 1648 praeceptivis
1656 1589 1805 1641 verbis,
1839 1595 1927 1642 at-,

271 1680 351 1725 que
384 1664 633 1711 Ordinarius
666 1665 743 1709 loci
778 1664 1003 1721 prudenter
1036 1665 1327 1707 reminiscatur
1358 1676 1448 1706 can.
1483 1662 1610 1717 2223,
1643 1661 1670 1720 ἓ
1704 1661 1742 1704 3.

388 1773 399 1794 ¹
428 1772 631 1806 Commiss.
670 1771 783 1805 Pont.
825 1770 873 1803 ad
900 1781 949 1804 ss.
991 1780 1158 1803 canones
1199 1768 1304 1802 auth.
1347 1766 1666 1812 interpretandos
1703 1766 1765 1800 2-3
1803 1766 1890 1800 Iun.

273 1820 375 1854 1918.
406 1819 481 1856 CO.
507 1819 557 1863 X,
585 1818 669 1861 347,
699 1830 737 1853 n.
764 1817 829 1852 VI.
860 1838 902 1842 —
930 1817 943 1839 2
968 1816 990 1850 3
1016 1816 1107 1850 Feb.
1140 1816 1237 1849 1913.
1268 1815 1343 1850 CO.
1374 1815 1418 1856 V,
1445 1815 1500 1848 62.

944 2160 989 2203 A.
1027 2159 1074 2202 M.
1110 2159 1152 2202 D.
1188 2157 1233 2203 G.

990 2265 1179 2309 FlNlS.

879 2373 928 2416 LA
938 2387 981 2416 us
1016 2372 1097 2415 Dsso
1130 2386 1289 2414 smtrssu.

1961 3080 1970 3100 ε.
1951 2947 1972 3075 *rs-uu
1959 2915 1970 2943 ”v
1960 2882 1969 2908 ω
