1981 3182
0 0 298 82 ΓΨἺτἺυ--ζ
410 0 418 6 ,

4 75 29 96 π’.

0 285 2 312 l

0 314 1 337 l

0 342 1 369 l

171 128 260 167 Cim.
288 130 381 165 2314
543 130 628 164 'run
655 129 725 163 XI.
752 149 764 154 -
790 129 847 163 De
872 129 1021 163 delictis
1046 131 1182 162 contra
1207 128 1321 172 fidem
1348 133 1413 161 etc.
1725 126 1791 159 199

172 262 319 292 nomen
354 252 578 292 retinentes
619 249 903 300 christianum,
939 249 1204 303 pertinaciter
1245 246 1426 303 aliquam
1464 260 1512 289 ex
1551 243 1793 288 veritatibus

173 319 253 363 fide
285 320 425 363 divina
460 324 499 362 et
531 319 731 363 catholica
783 317 1005 362 credendis
1052 317 1257 372 denegant
1290 322 1359 359 aut
1393 317 1443 360 de
1476 329 1522 359 ea
1556 315 1744 358 dubitant
1767 326 1791 365 »g

175 389 281 446 (can.
318 390 443 445 1323,
478 393 502 442 ξ
536 389 594 446 2),
629 389 890 446 (alterutrum
941 389 1101 431 interne
1143 400 1190 430 ac
1229 392 1413 441 externe,
1448 392 1489 429 ut
1520 384 1664 442 supra)
1698 396 1793 427 nam

173 460 406 517 Stephanus
442 461 545 517 Papa
581 463 711 518 inquit
745 458 936 502 omnibus
959 457 1228 514 Episcopis1:
1268 456 1470 500 «Dubius
1502 459 1539 499 in
1574 456 1671 506 tide,
1705 455 1792 497 infi-

174 530 278 574 delis
300 535 359 574 est
382 547 421 585 »,
444 531 486 585 b)
506 536 579 573 aut
601 529 876 580 schismatici,
899 528 1078 572 scilicet:
1103 543 1122 568 <c
1146 530 1213 584 qui
1238 527 1406 571 subesse
1432 532 1608 569 renuunt
1626 527 1795 569 Summo

175 602 358 645 Pontitici
393 607 463 645 aut
494 615 586 645 cum
621 600 818 644 membris
850 598 1060 643 Ecclesiae
1093 600 1128 641 ei
1162 597 1358 641 subiectis
1390 599 1699 641 communicare
1733 609 1796 639 re-

173 677 318 716 cusant
342 688 360 713 ))
400 675 510 728 (can.
544 676 583 715 et
616 674 641 725 ἓ
672 670 799 727 cit.¹);
832 669 982 725 singuli
1017 669 1238 725 praedicti:

293 746 332 786 10
368 742 594 786 Incurrunt
627 742 717 799 ipso
750 740 863 798 facto
896 739 1378 787 exeomnnmieationem,
1411 751 1459 780 ex
1495 742 1620 780 const.
1651 752 1673 777 «
1696 737 1798 792 Apo·

175 814 344 858 stolicae
376 814 493 858 Sedis
517 829 537 854 ))
579 813 632 855 Pii
670 810 757 854 tx2
792 816 1006 854 retentam.

295 883 414 938 Quod
452 884 577 928 Bonis.
607 882 690 926 Vlll
724 885 762 925 in
797 894 885 938 cap.
913 884 1032 925 unico
1068 883 1123 923 De
1156 880 1464 924 schismaticis3
1498 882 1663 922 invocat
1697 880 1803 934 prin-

176 958 329 1013 cipium
366 957 489 998 iuris:
527 953 728 997 «similes
761 967 955 996 excessus
988 958 1028 995 et
1059 952 1205 1007 culpae
1239 953 1381 1007 poenis
1422 949 1626 993 similibus
1660 951 1697 991 in
1733 962 1801 1005 po-

176 1032 331 1071 sterum
368 1029 590 1084 puniantur
612 1041 634 1066 »
658 1024 891 1080 applicatur
924 1024 999 1067 lioc
1035 1026 1072 1066 in
1109 1024 1212 1077 loco,
1235 1023 1333 1066 dnm
1368 1034 1519 1078 poenas
1554 1023 1591 1063 in
1626 1020 1804 1063 diversis

179 1097 454 1141 Decretalium
489 1096 694 1153 capitibus
727 1100 899 1139 statutas
930 1096 1114 1138 decernit
1149 1107 1278 1138 canon
1313 1092 1389 1136 sub
1423 1106 1460 1136 n.
1481 1095 1537 1135 2⁰.
1562 1090 1658 1136 Nisi
1680 1092 1802 1133 etiam

176 1168 304 1213 semel
338 1168 489 1211 moniti
519 1167 793 1225 resipuerint,
825 1165 1005 1209 scilicet:
1036 1168 1156 1208 «nisi
1190 1164 1376 1208 abiurata
1411 1163 1570 1206 haeresi
1595 1161 1680 1218 (vel
1714 1174 1805 1218 apo-

179 1239 321 1297 stasia)
344 1244 383 1283 et
405 1239 684 1282 satisfactione
702 1236 900 1291 exhibita,
924 1237 1141 1280 confestim
1167 1236 1215 1278 ad
1242 1235 1364 1278 tidem
1385 1234 1645 1290 confugerint
1667 1231 1804 1275 ortho-

181 1311 330 1354 doxam
350 1326 390 1364 »,
410 1315 450 1353 ut
476 1312 531 1352 ait
556 1308 705 1352 Lucius
730 1308 776 1350 lll
804 1311 841 1351 in
877 1320 964 1364 cap.
992 1310 1014 1349 a
1039 1307 1091 1350 de
1125 1306 1357 1350 Haeretiris
1376 1307 1405 1357 ⁴,
1439 1309 1561 1362 atque
1594 1306 1668 1346 nisi
1703 1302 1806 1346 schi-

179 1383 339 1425 smatici
389 1382 570 1423 renisum
622 1379 901 1435 deposuerint,
937 1381 989 1421 ita
1024 1383 1065 1421 ut
1101 1380 1178 1421 iam
1213 1376 1529 1420 submissionem
1579 1373 1807 1430 spondeant

180 1454 352 1506 sincere,
373 1456 442 1495 aut
466 1452 885 1494 communicationem
923 1452 1194 1505 interruptam
1231 1451 1501 1499 reassumant,
1524 1445 1564 1502 a)
1586 1445 1808 1503 prirentur

182 1522 374 1579 beneficio
409 1523 573 1579 proprie
603 1521 716 1564 dicto
750 1521 798 1564 ad
835 1533 1021 1578 normam
1057 1532 1147 1563 can.
1168 1519 1294 1571 1409,
1322 1518 1447 1571 1412,
1471 1516 1679 1574 (liynilale
1701 1527 1806 1572 quae

181 1592 472 1650 Episcopatum
507 1596 547 1635 et
579 1593 778 1634 maiorem
814 1591 1015 1647 designat,
1051 1603 1208 1633 necnon
1248 1588 1447 1632 Abbatias
1479 1592 1517 1630 et
1553 1586 1809 1629 praelaturas

183 1664 347 1717 nullius,
362 1662 565 1721 pensione
586 1662 775 1705 derivata
800 1676 848 1704 ex
876 1661 1100 1714 beneticiis,
1122 1660 1321 1717 bonisque
1354 1658 1658 1711 ecclesiasticis,
1678 1656 1807 1714 efficto

187 1750 206 1776 (1
229 1737 371 1778 stricto
403 1747 571 1777 sensu»
609 1733 717 1789 (can.
760 1733 852 1780 145,
885 1734 912 1790 ξ
948 1731 1005 1788 2),
1040 1734 1122 1774 imo
1155 1736 1194 1774 et
1231 1731 1356 1774 «lato
1394 1743 1514 1773 sensu
1540 1745 1560 1769 ))
1600 1728 1671 1785 (il).
1706 1727 1808 1784 §Q

181 1819 273 1850 cum
307 1805 507 1849 addatur:
548 1804 683 1847 aliore
731 1818 912 1854 munere,
945 1803 1053 1861 quod
1101 1801 1414 1858 intelligendum
1458 1805 1516 1843 est
1560 1812 1724 1856 quoque
1757 1799 1808 1841 de

182 1890 353 1920 munere
388 1876 536 1928 laicali,
570 1875 607 1918 si
640 1874 753 1932 quod
784 1875 826 1917 in
861 1873 1051 1918 Ecclesia
1088 1874 1212 1916 idest:
1257 1872 1308 1916 ab
1351 1885 1395 1915 ea
1432 1876 1472 1914 ut
1505 1873 1700 1914 societate
1738 1870 1808 1912 de-

183 1948 365 2003 pendens
399 1945 592 1994 habeant,
619 1946 658 1994 1))
686 1946 868 2003 infames
900 1944 1186 1996 declarentur,
1209 1949 1268 1986 est
1302 1956 1400 1998 ergo
1423 1958 1442 1982 «
1469 1943 1633 1984 infamia
1661 1942 1760 1983 iuris
1783 1956 1802 1980 1)

184 2019 292 2076 (can.
318 2018 444 2072 2293,
466 2016 495 2075 ἓ
517 2016 575 2073 2),
609 2017 678 2059 sed
720 2032 739 2057 ((
765 2017 958 2059 serendae
989 2017 1217 2058 sententiae
1240 2031 1261 2054 n
1284 2013 1392 2069 (can.
1419 2013 1546 2066 ’221“1,
1571 2014 1595 2066 ἓ
1624 2012 1657 2064 1,
1682 2024 1719 2054 n.
1746 2010 1807 2067 20)

183 2092 301 2133 cuius
339 2089 508 2132 eflectus
557 2093 642 2144 post
692 2089 936 2130 sententiam
986 2086 1367 2129 condemnatoriam
1419 2087 1725 2140 cognoscuntur
1758 2095 1806 2125 ex

183 2174 273 2205 can.
309 2160 435 2214 2294,
469 2162 494 2213 ἓ
529 2159 566 2201 1.
602 2159 759 2201 Poenae
805 2157 897 2200 illae
940 2158 1113 2200 clericos
1156 2161 1192 2198 et
1238 2156 1363 2198 laicos
1397 2154 1441 2211 («
1466 2156 1628 2211 utrique
1671 2157 1806 2196 autem

185 2239 353 2288 possunt
400 2244 489 2273 esse
539 2229 763 2285 religiosi»
802 2241 892 2272 can.
929 2228 1032 2284 107)
1065 2231 1347 2283 compescunt,
1383 2238 1475 2268 nam
1520 2227 1726 2281 sequitur:
1771 2228 1809 2265 et

185 2301 328 2344 cleriei
367 2314 483 2357 «per
525 2302 697 2356 primam
743 2299 885 2343 saltem
932 2304 1188 2341 tonsuram»
1227 2297 1336 2354 (can.
1375 2297 1470 2348 108,
1503 2298 1527 2349 ἓ
1562 2295 1618 2351 1),
1652 2295 1809 2337 iterata

185 2372 427 2423 monitione,
460 2384 566 2429 quae
600 2373 793 2427 supponit
827 2370 1145 2426 praecedentem
1191 2370 1369 2417 unicam,
1403 2366 1680 2424 deponuntur,
1714 2377 1806 2407 cum

185 2444 386 2499 depositio
404 2447 671 2485 enumeretur
695 2443 800 2483 inter
824 2456 842 2481 «
864 2452 1014 2497 poenas
1040 2439 1315 2481 vindicativas
1338 2450 1444 2495 quae
1467 2437 1629 2480 clericis
1653 2439 1807 2478 tantum

171 2514 485 2570 applicantur»
535 2514 645 2569 (can.
683 2512 831 2567 2298),
869 2516 907 2555 et
951 2513 1068 2554 cuius
1116 2511 1285 2553 ellectus
1333 2509 1501 2552 edicunt
1548 2520 1636 2550 can.
1683 2505 1807 2559 2303,

188 2585 317 2629 2304.
353 2610 404 2615 -
443 2584 600 2627 Poenae
633 2587 727 2626 sunt
765 2583 1103 2626 «determinatae
1122 2597 1142 2622 »
1171 2580 1279 2637 (can.
1305 2580 1433 2632 221Ἶ,
1454 2579 1482 2636 ξ
1503 2579 1537 2632 1,
1565 2577 1625 2634 1⁰)
1651 2589 1808 2620 necnon

187 2655 482 2709 cumulativae,
501 2660 624 2711 atquc
648 2670 669 2694 «
688 2653 751 2696 lex
773 2656 900 2696 utitur
921 2652 1058 2695 verbis
1077 2653 1353 2708 praeceptivis
1369 2666 1391 2690 ))
1415 2650 1521 2707 (can.
1544 2649 1669 2702 2223,
1687 2648 1715 2706 ξ
1733 2647 1809 2703 30).

306 2726 602 2782 Aggravantur
635 2736 790 2781 poenae
822 2723 898 2767 sub
932 2737 969 2765 n.
1003 2724 1050 2765 3
1083 2722 1128 2765 Se?
1165 2727 1302 2764 sectae
1340 2719 1602 2763 (zcatlzolicae
1640 2732 1808 2775 nempe:

306 2833 315 2853 ¹
345 2831 438 2875 Cap.
468 2832 499 2871 1,
525 2830 602 2864 Tit.
633 2830 700 2863 cit.
736 2850 779 2854 —
805 2830 819 2851 ‘2
847 2830 889 2862 12
917 2829 1001 2863 Oct.
1032 2828 1134 2871 1869,
1163 2831 1182 2868 ξ
1210 2829 1241 2869 1,
1268 2839 1292 2861 n
1339 2831 1355 2860 1
1385 2834 1421 2860 et
1446 2825 1481 2859 3.
1513 2845 1552 2849 —
1585 2825 1599 2845 3
1625 2824 1702 2856 Tit.
1735 2822 1810 2864 ΙΙΙ,

188 2878 273 2913 Lib.
303 2878 335 2911 V
363 2879 402 2912 in
430 2879 482 2912 6⁰.
511 2898 554 2902 —
580 2879 594 2899 ⁴
621 2877 699 2910 Tit.
727 2877 760 2919 7,
790 2876 875 2910 Lib.
904 2876 948 2908 V.
