1981 3182
186 131 232 165 28
660 131 743 166 L1B.
769 131 814 165 V.
841 151 852 157 -
881 131 990 165 PARS
1018 133 1045 167 Ι.
1071 152 1083 157 -
1109 132 1166 167 De
1190 133 1341 167 delictis
1489 131 1581 166 Can.
1609 131 1813 166 2207-2208

188 264 275 294 esse
309 253 479 307 gravior
512 264 561 293 ex
597 250 674 294 1100
708 251 815 307 quod
863 254 900 294 in
945 251 1187 295 scandalum
1228 257 1267 294 et
1305 250 1581 309 turbationem
1629 250 1820 307 plurimo-

189 335 278 364 rum
315 322 519 364 redundat
544 338 583 365 )).

292 393 455 437 Ultima
490 397 660 437 (tationis
695 408 789 451 pars
823 401 905 439 est:
951 395 1187 439 «delictum
1214 400 1428 452 augetur»
1456 397 1502 437 2⁰
1525 392 1592 437 Eoe
1614 393 1746 436 abusu
1769 392 1820 436 ob

188 476 367 507 canones
399 477 470 507 seu
506 464 618 521 leges
650 479 728 508 non
763 472 954 509 servatas
988 474 1059 510 ant
1081 466 1132 510 ob
1158 468 1493 523 praeteritionem
1524 468 1743 523 aequitatis
1774 476 1822 508 ac

189 534 432 590 prudentiae
478 538 516 578 in
561 538 761 579 exercitio
804 537 1026 581 cuiuslibet
1060 537 1347 589 (lamentatis,
1381 536 1518 580 civilis
1550 548 1728 593 quoque,
1762 539 1824 579 ast

190 608 431 661 praesertim
466 606 787 661 ecclesiastieae,
821 607 884 650 vel
917 607 1044 665 officii
1078 610 1261 651 fortassis
1294 607 1451 664 absque
1485 606 1709 663 illa,atque
1743 606 1823 649 1310

188 689 352 733 quoque
386 690 507 720 sensu
548 693 567 718 ((
592 691 642 720 ex
677 683 873 721 contextu
910 681 1157 721 sermonis»
1188 679 1294 736 (can.
1323 679 1420 731 145,
1445 678 1462 731 ξ
1489 676 1547 734 Q),
1571 677 1670 719 dum
1706 688 1821 732 prae-

189 748 295 790 fatus
329 747 483 791 abusus
515 751 678 792 occasio
711 752 762 792 sit
795 750 929 792 eidem
966 749 1022 792 ad
1055 749 1254 792 delictum
1285 747 1560 806 patrandum.
1586 747 1646 790 Ad
1682 760 1820 790 corro-

188 818 445 862 borationem
480 833 530 862 ex
568 823 696 863 veteri
732 822 821 863 iure
855 821 1078 874 sufficiant,
1104 823 1236 877 primo
1271 819 1666 864 auctoritaslnnoc.
1697 817 1748 861 lll
1783 821 1819 860 in

187 903 278 946 cap.
316 891 359 932 11
417 891 512 933 «de
551 891 789 934 excessibus
838 892 1115 948 praelatorum
1152 897 1191 935 et
1222 891 1528 935 subditorum»
1577 889 1643 947 (V,
1678 889 1751 946 31)
1785 888 1821 932 X

187 963 355 1004 aientis:
396 977 417 1002 «
440 975 533 1005 cum
562 964 598 1004 in
626 962 704 1005 illis
728 965 859 1018 magis
885 962 1104 1018 plectibilis
1126 966 1177 1006 sit
1200 963 1368 1017 offensa,
1396 975 1468 1018 per
1495 975 1598 1019 quos
1620 961 1669 1004 ad
1695 974 1821 1003 excu-

186 1032 337 1075 sandas
370 1035 660 1076 excusationes
684 1036 720 1075 in
746 1033 879 1090 culpis
903 1033 1171 1091 delinquendi
1206 1036 1431 1077 auctoritas
1465 1037 1688 1089 usurpatur
1710 1047 1749 1085 )),
1774 1043 1822 1074 30

187 1108 246 1146 est
269 1106 457 1161 quaestio
483 1104 534 1146 de
558 1110 726 1147 cantore
750 1120 770 1145 «
794 1105 843 1147 ad
869 1118 993 1161 quem
1017 1104 1321 1161 (succentoriae
1348 1102 1635 1159 pictaviensis)
1654 1102 1822 1145 donatio

189 1174 420 1230 pertinebat
443 1190 463 1215 ))
487 1201 541 1205 —
562 1174 795 1218 Bonifacius
833 1190 929 1219 xero
967 1174 1051 1218 tht
1085 1178 1227 1219 statuit.
1250 1176 1284 1216 ¹:
1327 1175 1628 1231 «Quapropter
1651 1176 1681 1216 si
1709 1173 1820 1216 Prin-

187 1258 297 1301 ceps,
321 1250 499 1299 senator7
526 1246 684 1299 consul,
710 1251 904 1302 potestas,
933 1246 994 1290 vel
1019 1247 1124 1289 alius
1157 1247 1362 1289 dominus.
1387 1248 1476 1289 sive
1512 1250 1646 1288 rector
1679 1249 1821 1287 contra

187 1322 523 1374 praesumptores
558 1319 791 1374 praedictos
826 1321 1055 1374 praesentis
1088 1321 1392 1361 constitutionis
1426 1322 1611 1360 tenorem
1646 1329 1724 1359 non
1765 1316 1819 1358 10-

186 1391 290 1432 00111
323 1388 561 1432 observari:
598 1394 679 1432 tam
716 1392 813 1445 ipse,
840 1403 964 1447 quam
993 1390 1190 1433 officiales
1215 1392 1341 1445 ipsius
1366 1390 1468 1431 infra
1497 1401 1694 1441 mensem,
1720 1391 1823 1443 post-

186 1472 308 1516 quam
348 1473 411 1502 res
444 1460 492 1502 ad
529 1474 671 1502 eorum
708 1463 893 1503 notitiam
922 1463 1172 1517 pei-venerit,
1198 1474 1246 1503 eo
1272 1462 1357 1516 ipso
1380 1460 1624 1502 sententiam
1660 1470 1824 1500 excom-

188 1533 479 1573 municationis
513 1534 782 1574 incurrant».

307 1602 372 1644 ⁶21.
411 1604 483 1649 De
516 1605 734 1649 recidivo
767 1619 827 1650 ac
859 1606 1043 1661 pluries
1071 1606 1387 1660 delinquente
1411 1607 1469 1645 est
1495 1601 1664 1644 ultimus
1687 1612 1817 1643 canon

186 1678 456 1729 augmentum
494 1674 826 1730 imputabilitatis
862 1675 1121 1730 perpendens
1147 1677 1183 1716 in
1212 1688 1290 1716 uno
1315 1674 1548 1729 eodemque
1575 1672 1818 1714 delictorum

185 1745 386 1787 subiecto.
416 1744 515 1787 (1111.
539 1748 679 1789 9208.
706 1746 724 1799 ξ
750 1749 783 1788 l.
809 1745 1047 1795 Reeidims,
1082 1748 1275 1802 quamtis
1308 1748 1357 1787 sit
1396 1743 1642 1787 vocabulum
1670 1745 1707 1785 in
1734 1756 1819 1785 mo-

188 1815 259 1857 rali
297 1815 502 1871 theologia
539 1830 585 1859 ac
621 1817 781 1873 legibus
814 1817 1009 1860 0111110113
1050 1816 1261 1860 adbibitus
1303 1816 1469 1859 11110153
1504 1814 1580 1858 sub
1612 1815 1822 1870 signitica-

187 1889 309 1937 tione,
344 1901 468 1930 sensu
504 1888 625 1944 iuris,
659 1902 731 1931 seu
767 1889 941 1932 iuridica
985 1890 1287 1943 significatione
1323 1890 1502 1943 propria,
1538 1892 1622 1929 tum
1657 1884 1820 1929 Codicis

186 1961 444 2015 praesertim,
465 1964 548 2002 tum
588 1962 625 2002 in
662 1961 748 2003 foro
772 1960 983 2003 Ecclesiae
1016 1964 1201 2003 externo.
1237 1960 1402 2016 quando
1435 1959 1486 2001 de
1522 1959 1663 2014 poenis
1686 1962 1725 1999 et
1748 1957 1817 1999 de-

187 2029 294 2072 lictis
326 2032 476 2086 agitur,
501 2036 561 2073 es!
596 2031 662 2074 ille
697 2031 768 2089 qui
801 2032 839 2083 a)
869 2037 965 2089 post
999 2031 1400 2081 eomlemmztionem,
1421 2031 1526 2073 idest
1557 2028 1607 2071 ad
1643 2040 1817 2084 poenam

185 2100 444 2144 subeundam
480 2102 647 2145 decreto
685 2103 745 2145 vel
781 2105 982 2146 sententia
1008 2103 1241 2158 Superioris
1264 2102 1534 2145 ecclesiastici
1566 2099 1737 2142 adactus
1762 2111 1821 2141 ra-

185 2173 295 2214 tione
329 2172 505 2215 alicuius
539 2173 693 2228 delicti,
729 2174 769 2230 b)
800 2188 965 2227 rmus-us,
999 2176 1121 2216 etiam
1157 2173 1483 2223 30111011311111111,
1517 2176 1586 2214 aut
1619 2172 1705 2213 sine
1739 2169 1817 2213 alia

187 2244 487 2298 interruptione
520 2245 618 2287 dum
654 2247 792 2301 agitur
824 2245 875 2287 de
908 2247 1146 2287 continuato
1180 2244 1346 2297 delicto,
1365 2242 1586 2285 committi!
1619 2240 1817 2283 delictum

186 2317 351 2370 proprio
385 2315 433 2357 ad
472 2328 657 2358 normam
694 2329 783 2361 can.
810 2317 937 2370 2195,
972 2316 990 2372 ξ
1029 2316 1061 2369 l,
1095 2319 1131 2367 0)
1164 2314 1346 2357 eiusdem
1379 2313 1548 2371 yeneri's
1581 2326 1652 2355 seu
1686 2311 1817 2368 quali-

187 2387 291 2428 tatis,
327 2390 370 2427 ut
402 2385 508 2429 113110
543 2390 752 2429 noscimus
785 2400 833 2430 ex
870 2400 958 2430 can.
995 2387 1121 2434 awo,
1157 2387 1350 2443 quamvis
1393 2385 1444 2427 de
1488 2383 1650 2426 obiecto
1691 2387 1816 2424 mate-

187 2456 276 2499 riali
311 2457 520 2511 distincto,
543 2472 577 2503 v.
599 2472 660 2514 gr.
687 2463 728 2501 ut
761 2459 950 2501 decernit
981 2458 1102 2501 Alex.
1124 2456 1172 2499 tv
1194 2456 1208 2477 ²
1244 2456 1305 2499 liis
1343 2455 1501 2499 verbis:
1542 2470 1563 2495 (1
1581 2453 1680 2497 Cum
1719 2466 1816 2496 vero

186 2530 254 2583 qui
292 2530 328 2570 in
366 2540 442 2570 una
495 2528 676 2572 haeresis
723 2531 861 2586 specie
899 2529 959 2572 rel
995 2533 1104 2572 secta
1149 2529 1370 2579 commisit,
1414 2531 1482 2570 aut
1532 2528 1569 2568 in
1605 2538 1686 2568 uno
1721 2524 1816 2567 lidei

186 2598 361 2641 articulo
395 2612 466 2642 seu
501 2599 710 2643 Ecclesiae
743 2605 1004 2644 sacramento
1038 2602 1207 2653 erravit,
1242 2604 1278 2642 et
1314 2598 1577 2655 postmodum
1612 2596 1814 2639 haeresim

185 2670 430 2726 simpliciter
474 2670 538 2713 vel
580 2672 830 2727 generaliter
873 2672 1099 2724 abiuravit,
1130 2674 1161 2713 si
1205 2684 1253 2713 ex
1301 2675 1397 2713 tunc
1442 2672 1478 2711 in
1524 2669 1646 2711 aliam
1691 2669 1814 2710 etiam

186 2740 369 2784 haeresis
411 2744 608 2798 speciem,
647 2745 736 2785 sive
779 2749 948 2797 sectam,
988 2747 1056 2786 aut
1101 2742 1180 2785 alio
1223 2741 1398 2785 articulo
1441 2754 1511 2784 seu
1555 2743 1815 2783 sacramento

202 2901 234 2934 V
276 2852 315 2941 23
343 2851 486 2921 ,Gap-05
511 2850 586 2884 ‘de
613 2851 779 2895 poenis»
825 2851 887 2894 (V,
916 2851 951 2894 9)
991 2850 1030 2883 in
1067 2849 1116 2883 60.
1158 2870 1202 2873 —
1241 2850 1254 2870 2'
1292 2848 1382 2892 Cap.
1410 2848 1433 2881 S
1469 2847 1544 2880 «de
1572 2845 1810 2880 haereticis,

187 2902 198 2945 (
241 2928 247 2945 ‚
341 2911 381 2932 m
409 2902 429 2932 6
449 2928 456 2934 ,
