1981 3182
203 113 272 147 276
534 109 619 142 Llss.
648 110 693 143 V.
723 130 732 134 -
763 110 872 143 PARS
897 110 968 143 111.
998 130 1010 135 -
1037 112 1094 144 De
1122 111 1259 153 poenis
1287 111 1328 141 in
1354 107 1493 140 delicta

253 229 336 265 CAN.
366 226 470 263 2368.
495 248 511 255 -
532 232 550 270 ς
574 228 602 261 l.
629 226 694 271 Qui
723 227 978 263 sollicitationis

204 279 335 312 crimen
363 276 404 311 de
431 286 498 321 quo
525 276 560 309 in
588 286 665 310 cau.
687 272 767 311 904.
796 274 977 310 commise-

205 325 261 361 rit,
291 323 523 369 suspendatur
549 334 567 357 a
594 322 828 357 celebratione
854 321 979 357 Missae

205 377 235 407 et
263 371 306 407 ab
335 370 521 406 audiendis
558 369 872 405 sacramentalibus
897 380 978 404 con-

207 418 415 454 fessionibus
442 417 493 453 vel
519 417 623 452 etiam
653 427 714 462 pro
732 416 847 451 delicti
867 416 978 458 gravi—

206 471 274 500 tate
301 465 467 500 inhabilis
493 464 535 499 ad
564 464 657 510 ipsas
682 463 904 509 excipiendas
922 463 978 498 de-

205 514 365 553 claretur,
395 512 547 558 privetur
584 510 748 546 omnibus
787 510 977 549 beneficiis,

205 560 449 600 dignitatibus,
479 569 558 594 voce
583 558 696 593 activa
722 562 754 593 et
783 558 930 604 passiva,
947 562 980 592 ct

208 607 376 642 inhabilis
402 607 443 641 ad
463 617 503 641 ea
521 606 640 641 omnia
665 605 872 646 declaretur,
893 610 925 640 et
944 605 979 639 in

206 654 344 689 casibus
382 653 599 698 gravioribus
632 652 869 698 degradationi
898 663 981 698 quo-

206 713 273 748 quc
299 701 515 736 subiiciatur.

254 753 272 792 ,ξ
298 748 331 782 2.
363 748 486 783 Fidelis
513 758 604 788 vero,
633 747 690 793 qui
719 747 868 782 scienter
894 746 979 781 omi-

207 796 289 831 serit
314 807 407 838 eum⁷
437 806 456 830 a
482 806 550 841 quo
575 794 780 830 sollicitatus
802 794 914 834 suerit,
935 794 983 827 in-

207 849 259 878 tra
287 854 441 878 mensem
480 842 688 877 denuntiare
725 847 846 876 contra
886 852 981 886 prae-

207 891 373 937 scriptum
401 901 479 925 can.
509 888 589 929 904,
616 889 763 924 incurrit
790 889 824 923 in
851 899 982 923 excom-

207 938 481 973 municationem
509 937 598 972 latae
628 936 822 971 sententiae
847 935 982 971 nemini

207 989 428 1025 reservatam,
445 996 514 1020 non
541 984 774 1019 absolvendus
801 982 867 1017 nisi
897 987 983 1028 post-

207 1044 312 1078 quam
331 1032 532 1077 obligationi
553 1030 759 1066 satisfecerit
784 1034 844 1066 aut
869 1041 904 1066 se
930 1041 982 1065 sa-

209 1080 427 1115 tisfacturum
455 1079 543 1114 serio
572 1079 780 1124 promiserit.

257 1125 341 1162 CAN.
371 1125 471 1160 2369.
495 1130 550 1168 -ξ
585 1126 606 1160 Ι,
637 1124 891 1163 Confessarius,
924 1124 981 1170 qui

209 1174 362 1219 sigillum
400 1173 653 1209 sacramentale
691 1173 819 1207 directe
857 1172 985 1207 violare

211 1222 493 1268 praesumpserit,
524 1226 640 1255 manet
671 1219 985 1255 excommunicatio

208 1269 458 1315 specialissmo
479 1269 578 1303 modo
597 1267 675 1303 Sedi
699 1266 915 1313 Apostolicae
933 1277 983 1301 re-

209 1321 361 1360 servata;
391 1316 447 1362 qui
473 1327 550 1351 vero
571 1315 737 1350 indirecte
763 1318 915 1350 tantum.
932 1314 984 1350 ob-

210 1364 333 1398 noxius
359 1370 408 1399 est
437 1363 567 1409 poeniS,
605 1363 646 1398 de
685 1361 812 1408 quibus
840 1361 874 1396 iu
903 1372 980 1396 can.

209 1409 315 1451 2368,
345 1415 363 1453 g
394 1412 424 1445 1.

257 1459 333 1500 §2-
367 1457 577 1503 Quicunque
618 1457 868 1502 praescriptum
908 1466 986 1492 ean.

209 1504 288 1546 889,
316 1510 334 1548 g
361 1505 381 1540 Q
409 1510 535 1540 temere
563 1504 754 1546 violaverit,
786 1515 844 1549 pro
871 1507 986 1538 reatus

209 1553 377 1598 gravitate
406 1553 574 1599 plectatur
592 1551 734 1586 salutari
757 1561 879 1597 poena.
897 1561 986 1596 quae

212 1605 320 1646 potest
346 1611 420 1636 esse
445 1599 550 1636 etiam
577 1598 903 1635 excommunicatio.

1099 226 1182 262 CAN.
1202 224 1306 259 2370.
1331 245 1347 249 -
1372 223 1558 269 Episcopus
1576 224 1729 270 aliquem
1749 235 1827 258 con-

1051 285 1193 309 secrans
1209 273 1243 306 in
1261 271 1480 317 Episcopum,
1500 270 1654 316 Episcopi
1672 271 1736 312 vel,
1755 271 1827 306 loco

1053 321 1313 366 Episcoporum,
1345 318 1533 364 presbyteri
1561 319 1774 359 assistentes,
1795 323 1826 353 et

1052 368 1110 414 qui
1150 366 1446 402 consecrationem
1486 365 1607 411 recipit
1645 365 1720 400 sine
1746 376 1822 411 apo-

1053 415 1172 450 stolico
1211 414 1376 449 mandato
1413 416 1534 447 contra
1578 412 1827 458 praescriptum

1053 473 1130 498 can.
1173 459 1253 502 953,
1300 461 1372 506 ipso
1416 459 1487 494 iure
1529 460 1687 505 suspensi
1730 464 1824 499 sunt,

1053 510 1162 544 donec
1189 507 1294 544 Sedes
1321 506 1518 553 Apostolica
1554 518 1611 542 eos
1648 507 1827 553 dispensa-

1054 562 1152 592 verit.

1102 603 1186 639 CAN.
1216 601 1321 637 2:571.
1353 621 1368 628 -
1398 599 1543 642 Omnes,
1570 600 1674 636 etiam
1701 601 1829 647 episeo-

1056 651 1123 697 pali
1150 650 1321 695 dignitate
1346 648 1451 688 aucti,
1481 648 1538 694 qui
1561 659 1620 694 per
1641 648 1827 683 simoniam

1054 698 1097 733 ad
1136 698 1275 732 ordines
1315 696 1464 731 scienter
1503 695 1737 741 promoverint
1778 695 1828 731 vel

1058 745 1201 791 promoti
1235 744 1365 779 suerint
1401 748 1461 778 aut
1497 742 1575 777 alia*
1604 741 1830 778 Sacramenta

1058 791 1333 827 ministraverint
1360 790 1413 826 vel
1440 790 1646 835 receperint,
1667 794 1749 824 sunt
1774 801 1829 825 su-

1055 840 1160 885 specti
1188 840 1229 875 de
1256 838 1409 880 haeresi;
1439 837 1552 872 clerici
1582 841 1757 883 praeterea
1775 849 1830 871 su-

1056 887 1278 933 spensionem
1307 886 1492 920 incurrunt
1514 884 1593 920 Sedi
1614 884 1831 930 Apostolicae

1056 939 1280 969 reservatam.

1104 981 1187 1016 CAN.
1214 979 1318 1016 2372.
1347 1001 1363 1005 -
1392 978 1664 1025 Suspensionem
1695 989 1716 1014 a
1745 978 1831 1013 divi-

1058 1028 1125 1071 nis,
1155 1028 1232 1064 Sedi
1262 1027 1481 1073 Apostolicae
1506 1031 1728 1067 reservatam,
1759 1026 1832 1071 ipso

1059 1076 1147 1111 facto
1172 1076 1397 1117 contrahunt,
1426 1074 1483 1119 qui
1512 1074 1664 1119 recipere
1693 1073 1833 1108 ordines

1061 1127 1287 1169 praesumunt
1312 1122 1357 1157 ab
1383 1121 1685 1157 excommunicato
1705 1120 1756 1156 vel
1775 1132 1830 1154 su-

1058 1181 1184 1217 spenso
1213 1170 1262 1205 vel
1292 1169 1475 1204 interdicto
1510 1173 1584 1214 post
1623 1167 1832 1204 sententiam

1057 1217 1318 1253 declaratoriam
1339 1216 1390 1252 vel
1417 1215 1754 1258 condemnatoriam,
1774 1220 1831 1250 aut

1057 1277 1077 1301 a
1104 1265 1238 1300 notorio
1264 1269 1434 1310 apostata,
1464 1263 1646 1298 haeretico.
1669 1262 1833 1298 schisma-

1059 1313 1145 1353 tic0;
1172 1312 1230 1358 qui
1259 1322 1338 1347 vero
1364 1311 1454 1345 bona
1474 1310 1540 1346 fide
1557 1321 1578 1345 a
1595 1310 1759 1356 quopiam
1779 1320 1833 1345 eo-

1058 1372 1135 1395 rum
1164 1360 1207 1394 sit
1234 1359 1430 1399 ordinatus,
1458 1357 1620 1393 exercitio
1645 1362 1758 1392 careat
1780 1368 1833 1392 or-

1058 1408 1151 1442 dinis
1177 1407 1225 1441 sic
1253 1405 1379 1452 recepti
1399 1406 1509 1440 donec
1535 1405 1768 1451 dispensetur.

1106 1454 1191 1490 Cis.
1222 1452 1326 1488 2370.
1359 1473 1374 1479 -
1416 1452 1452 1487 ln
1481 1452 1747 1498 suspensionem
1778 1462 1836 1497 per

1059 1513 1193 1537 annum
1220 1501 1263 1536 ab
1289 1500 1454 1535 ordinum
1481 1499 1665 1535 collatione
1691 1498 1769 1535 Sedi
1797 1501 1836 1533 Α·

1062 1549 1245 1595 postolicae
1271 1553 1479 1583 reservatam
1508 1547 1582 1593 ipso
1610 1546 1698 1582 tacto
1718 1548 1835 1581 incur-

1060 1601 1162 1632 runt:

407 1739 440 1743 -—
469 1716 703 1763 quorumlibet
1703 1711 1789 1748 Can.
1815 1708 1906 1746 2364

138 1789 274 1825 Titulus
293 1743 397 1840 XVLi

153 1837 199 1872 De
214 1837 347 1871 delictis
582 1833 632 1876 1—
659 1810 944 1847 Confirmationis
971 1809 1114 1845 collatae
1749 1820 1763 1838 »
1817 1803 1909 1840 2365

151 1885 351 1967 ”gtfffflffg‘
583 1883 585 1952 i
983 1923 1032 1945 1-
1060 1903 1136 1939 sine
1163 1903 1357 1939 necessaria
1385 1901 1625 1937 iurisdictione
1747 1915 1761 1933 »
1817 1897 1908 1934 ’2366
1939 1914 1948 1933 t

160 1979 339 2015 ‘'fflssssoe·
395 2003 396 2014 ¹
984 1969 1034 2024 3-
1152 1998 1172 2033 a
1304 1997 1322 2031 ι·
1351 1997 1356 2003 ·
1426 1997 1446 2031 b
1490 1997 1497 2031 ι
1527 1996 1598 2031 tion
1624 2007 1657 2030 m
1756 2009 1764 2027 ›
1818 1993 1908 2029 0367

156 2027 273 2080 mione
297 2037 348 2079 05·
394 2022 397 2073 Ξ
592 2069 632 2073 —
662 2047 899 2083 poenitentiae
930 2066 986 2086 -,
1061 2009 1149 2044 quoa
1200 2009 1298 2043 comp
1316 2008 1378 2032 icis
1403 2008 1423 2032 a
1450 2008 1486 2032 so
1504 2008 1523 2031 u
1603 2007 1621 2032 e
1749 2010 1756 2027 ›
1820 2018 1838 2029 .

139 2074 363 2167 ῗὲᾘᾶἳέἕὲζ
394 2118 396 2157 Ι
984 2114 1034 2158 3—
1060 2093 1103 2129 ob
1129 2092 1408 2128 sollicitationem
1749 2105 1763 2122 »
1820 2087 1909 2124 2368

156 2173 349 2204 eramento*
584 2175 586 2234 i
985 2172 1033 2215 l—
1061 2192 1181 2223 contra
1199 2187 1379 2222 scientiam
1399 2198 1439 2222 ae
1457 2186 1499 2221 ob
1516 2186 1698 2222 scientiam

212 2227 289 2251 ”¹¹¹¹
341 2237 385 2240 -
584 2235 586 2287 ς
1015 2236 1095 2271 inde
1121 2235 1276 2270 habitam
1750 2246 1765 2265 »
1821 2229 1910 2266 2369

585 2307 586 2323 l

406 2344 550 2368 —nem-
585 2327 749 2385 fordi—
780 2352 822 2356 —
848 2332 939 2366 circa
968 2330 1203 2377 Episcopalem
1231 2329 1526 2365 consecrationem
1749 2342 1763 2359 »
1820 2324 1909 2360 2370

450 2392 486 2416 e:
533 2392 669 2414 —1n1s
722 2401 762 2404 —

428 2393 446 2426 p
585 2415 586 2475 l
773 2412 820 2452 ³*—
838 2426 873 2459 in
889 2425 962 2470 qui·
986 2445 1035 2466 ,—
1061 2435 1098 2461 ac
1124 2423 1353 2459 sacramentis
1382 2434 1439 2469 per
1465 2422 1652 2457 simoniam
1752 2435 1766 2452 n
1821 2418 1908 2454 ‘2371

584 2482 586 2517 l
803 2473 953 2508 buslibet

584 2521 586 2566 l
793 2520 959 2566 gradibus
986 2501 1036 2544 ¹—
1049 2524 1186 2565 propter
1212 2540 1259 2560 ¹—-
1287 2517 1485 2553 ordinantis
1753 2530 1766 2547 n
1824 2512 1912 2549 2372

585 2567 586 2595 l
1014 2567 1186 2602 conditio-
1212 2561 1213 2582 ¹

584 2642 586 2662 ἶ
1017 2624 1076 2649 nes
1163 2633 1200 2639 —
1397 2632 1438 2637 —
1465 2611 1509 2646 ab
1552 2609 1703 2650 admini-

585 2663 587 2701 i
1220 2659 1366 2695 -Ol'dl-
1419 2663 1489 2694 stro
1753 2670 1767 2688 »
1822 2652 1911 2689 ‘2373

586 2727 587 2736 ¹
1240 2707 1314 2742 nati
1335 2726 1378 2733 —

586 2743 588 2804 l
1396 2765 1469 2788 —a
1488 2753 1700 2799 suscipiente
1752 2765 1766 2782 ›>
1824 2745 1912 2783 ’2374

586 2806 588 2851 3
1863 2819 1867 2822 Δ

587 2854 635 2877 ³—
665 2851 877 2886 matrimonii
907 2850 1003 2885 mixti
1032 2851 1108 2886 sine
1139 2850 1312 2885 Ecclesiae
1337 2848 1601 2893 dispensatione
1759 2860 1772 2875 ιι
1827 2839 1917 2878 2375
