1981 3182
199 122 269 157 290
571 121 655 155 [ΑΒ.
677 121 722 155 V.
745 141 757 146 -
777 121 886 155 PARS
904 120 976 154 ΙΙΙ.
998 141 1009 146 -
1028 121 1085 155 De
1097 123 1234 165 poenis
1252 124 1295 155 in
1311 122 1450 155 delicta
1501 119 1593 155 Can.
1620 119 1825 156 2373-2374

200 255 242 284 se
286 253 420 295 neque
470 253 541 296 per
589 239 690 282 alios
740 239 1069 295 promovendum
1109 241 1207 282 satis
1241 241 1417 295 noverit,
1453 245 1495 282 ut
1530 242 1667 283 testari
1703 243 1828 297 possit

204 311 533 368 promovendum
560 310 717 353 nullum
755 310 1097 365 impedimentum
1131 312 1444 364 contraxisse»,
1468 315 1537 353 aut
1562 312 1601 355 in
1625 310 1704 353 alio
1727 324 1824 354 casu

202 382 353 426 ibidem
380 381 655 436 considerato,
673 383 705 424 si
732 383 769 423 in
794 381 992 424 alterutro
1021 398 1042 421 «
1067 394 1143 423 non
1171 380 1388 437 provideat
1410 378 1659 425 Ordinarius
1682 380 1827 424 saltem

204 467 275 510 per
310 455 586 496 iuramentum
622 452 922 508 suppletorium
957 465 977 495 a
1014 451 1298 508 promovendo
1333 451 1625 508 praestandum
1652 468 1700 500 »2

319 524 367 567 30
406 523 489 577 Qui
519 526 624 566 inter
657 525 882 566 recensitos
917 536 987 580 per
1021 522 1343 566 declarationem
1376 522 1453 566 sub
1478 522 1535 566 n.⁰
1561 522 1604 565 10
1632 539 1654 564 c<
1676 526 1708 567 si
1732 523 1826 567 cha-

204 599 363 639 ractere
396 594 620 651 episcopali
654 594 834 650 polleant
857 610 897 649 »,
930 599 1053 651 atque
1087 607 1135 637 ex
1171 593 1248 636 lioc
1287 606 1460 636 numero
1499 594 1688 647 infertur,
1722 596 1831 652 quod

204 669 276 710 etsi
317 683 338 707 ((
362 679 556 722 expresse
588 664 668 719 (vel
696 665 843 708 melius
866 665 1078 722 explicite)
1104 678 1181 707 non
1207 667 1472 708 nominentur
1493 663 1698 722 Episcopi,
1722 679 1830 709 coin·

207 736 519 793 prehenduntur
552 735 628 779 sub
663 738 804 791 poenis
848 736 952 779 latae
995 737 1222 778 sententiae
1255 737 1578 791 suspensionis»
1617 735 1739 779 huius
1771 749 1834 779 ca-

206 808 336 851 nonis.
362 806 431 849 llla
456 806 645 850 limitatio
671 809 925 863 pronominis
953 823 974 846 «
997 809 1067 864 qui
1092 822 1113 847 ›>
1141 806 1216 849 sub
1241 805 1318 849 lioc
1342 811 1400 849 n.⁰
1425 805 1591 849 fulcitur
1619 819 1707 850 can.
1734 808 1833 861 937,

205 878 231 936 ξ
266 878 303 931 2,
331 882 497 934 propter
521 877 649 921 verba
673 891 778 934 quac
801 883 1050 934 sequuntur:
1085 877 1282 935 aliquem,
1300 877 1446 933 supple
1469 877 1667 921 clericum
1695 879 1832 922 forsan

209 951 413 992 minorum
439 949 631 992 ordinum
657 948 711 990 ad
734 947 904 991 ordines
927 948 1123 1003 mfflores,
1143 962 1244 1005 quos
1267 951 1457 992 conferre
1483 954 1694 1005 nequeunt
1717 948 1831 993 Vica-

207 1022 292 1063 rius
324 1032 372 1063 ac
407 1019 657 1071 Praefectus,
691 1019 831 1062 Abbas
859 1019 920 1062 vel
947 1019 1180 1063 Praefectus
1205 1019 1356 1062 nullius
1389 1035 1408 1059 «
1433 1022 1464 1062 si
1489 1020 1713 1076 episcopali
1737 1020 1834 1064 cha-

208 1095 368 1134 ractere
401 1095 569 1134 careant
592 1106 613 1130 ))
653 1090 760 1147 (can.
797 1091 894 1141 957,
929 1092 954 1143 ἓ
988 1090 1039 1145 2),
1078 1090 1148 1132 sed
1192 1089 1387 1133 delictum
1433 1090 1713 1134 ordinantium
1758 1096 1831 1144 est,

207 1161 316 1218 quod
352 1161 466 1204 illum
506 1161 705 1205 clericum
750 1163 839 1204 sive
881 1161 1153 1213 saecularem,
1186 1163 1274 1203 sive
1310 1160 1563 1217 religiosum,
1598 1161 1832 1218 regularem

208 1246 374 1290 quoque
406 1232 497 1275 sine
531 1231 654 1275 titulo
687 1231 887 1275 canonico
920 1232 1087 1275 diverso
1127 1245 1198 1288 pro
1239 1231 1413 1287 singulis
1444 1246 1589 1276 eorum
1619 1247 1832 1291 promove-

211 1304 313 1356 rint,
346 1316 513 1360 nempe:
553 1308 698 1346 eontra
735 1302 1047 1360 praeseriplwn
1079 1317 1170 1348 ean.
1204 1305 1264 1345 97
1269 1305 1312 1354 4,
1343 1302 1371 1361 ξ
1404 1306 1439 1353 1,
1473 1318 1510 1345 η.
1548 1306 1588 1358 7,
1623 1304 1731 1361 quod
1768 1317 1836 1360 ge·

211 1374 350 1417 nerale
384 1388 479 1417 cum
511 1376 576 1428 sit,
603 1388 675 1431 pro
698 1373 872 1430 singulis
897 1373 1118 1429 praedictis
1151 1387 1222 1430 per
1255 1373 1356 1417 alios
1389 1386 1568 1417 canones
1590 1376 1713 1418 citato
1738 1374 1834 1419 sub·

211 1450 430 1502 sequentes
463 1445 788 1495 determinatur,

329 1518 377 1559 4⁰
415 1516 511 1570 Qui,
546 1518 601 1559 uti
636 1515 713 1559 sul)
747 1522 804 1560 n.⁰
844 1518 883 1558 1⁰
918 1516 1115 1559 declarati
1140 1520 1234 1559 sunt
1256 1516 1485 1559 secundum
1520 1516 1837 1573 explicationem

212 1601 301 1632 can.
337 1589 436 1640 966,
470 1590 494 1642 ξ
529 1588 567 1642 1,
600 1587 715 1630 salvo
751 1590 917 1644 vigente
940 1587 1076 1631 adhuc
1100 1587 1301 1644 leyitimo,
1327 1587 1452 1630 idest:
1490 1593 1578 1643 post
1600 1586 1723 1632 Cone.
1748 1587 1835 1631 Tri·

212 1660 425 1703 (lentinum
477 1659 632 1702 directe
681 1672 877 1702 concesso
929 1658 1116 1714 religioni
1164 1660 1315 1715 cuique
1347 1658 1572 1715 privilegsio
1605 1659 1838 1703 dimittendi

212 1730 401 1773 alumnos
436 1730 742 1787 promovendos
765 1730 814 1772 ad
840 1742 1148 1786 quemcumque
1170 1728 1421 1785 Episcopum
1446 1742 1538 1772 cum
1564 1729 1669 1773 Sede
1692 1729 1835 1786 Apica.

213 1804 549 1845 communionem
584 1800 784 1854 habente,
824 1816 846 1841 ((
868 1802 937 1858 qui
961 1815 983 1840 ³)
1024 1805 1185 1856 praeter
1209 1799 1313 1843 lianc
1338 1802 1641 1855 exceptionem,
1665 1799 1835 1857 reliqio-

214 1887 316 1923 suin,
356 1889 377 1913 «
400 1875 468 1930 qui
507 1877 598 1915 vota
633 1873 890 1928 nuncupavit
917 1873 954 1914 in
980 1871 1115 1928 aliqua
1152 1870 1349 1926 religione
1372 1886 1394 1910 ³>
1423 1870 1531 1927 (can.
1559 1871 1656 1922 448,
1683 1871 1759 1927 7⁰),
1784 1870 1839 1914 ad

214 1943 428 2001 familiam
471 1943 620 1986 domus
663 1942 880 1999 religiosae
916 1942 1208 1999 pertinentem,
1242 1955 1348 1998 quae
1379 1941 1548 1998 supple:
1584 1942 1738 1985 iamilia
1770 1955 1842 1986 seu

216 2016 364 2058 domus
387 2014 442 2057 sil
465 2020 587 2057 eoetra
614 2014 877 2057 territorium
901 2013 1036 2071 ipsius
1059 2012 1315 2064 ordinantis,
1334 2026 1504 2069 nempe:
1531 2015 1570 2056 in
1595 2013 1702 2070 quod
1729 2015 1843 2056 iuris·

217 2086 437 2129 dictionem
464 2085 917 2143 habet,promoverim,
941 2087 1015 2128 etsi
1039 2085 1088 2128 ad
1113 2084 1241 2127 solam
1270 2086 1443 2139 primam
1470 2088 1695 2139 tonsuram,
1714 2084 1842 2127 etiam

219 2171 307 2199 eccm
332 2155 489 2199 litteris
512 2155 870 2199 (limissoriali'bus
890 2155 1060 2213 proprii
1078 2154 1325 2212 Superioris
1349 2171 1370 2195 «
1390 2157 1595 2198 maioris»
1618 2157 1722 2210 (can.
1743 2155 1841 2209 964,

220 2227 295 2284 ⁶20),
330 2227 415 2269 m'si
437 2227 624 2284 leqitime
642 2226 865 2284 probatum
889 2226 1037 2283 suerit,
1063 2225 1277 2269 videlicet:
1318 2241 1339 2266 ((
1362 2239 1411 2268 ex
1436 2225 1673 2268 authentico
1697 2224 1844 2270 Curiae

219 2298 465 2355 episcopalis
498 2300 731 2341 testimonio
756 2314 775 2338 »
814 2297 924 2355 (can.
949 2298 1046 2351 966,
1070 2296 1097 2354 ξ
1123 2296 1163 2353 2)
1194 2295 1377 2353 aliquem
1399 2310 1450 2339 θῶ
1473 2295 1636 2339 casibus
1658 2298 1841 2354 quinque

219 2382 452 2423 occurrere,
485 2368 535 2411 de
567 2368 713 2426 quibus
748 2368 788 2410 in
824 2382 914 2410 caiz.
938 2370 1032 2410 966
1065 2370 1213 2423 agitur,
1239 2372 1278 2410 et
1301 2367 1395 2410 data
1419 2368 1494 2410 fuit
1518 2365 1671 2410 ibidem
1705 2366 1845 2423 expla-

220 2441 340 2482 natio.
378 2439 424 2482 Et
459 2439 559 2482 haec
592 2442 806 2496 suspensio
841 2439 946 2482 latae
976 2440 1204 2482 sententiae
1237 2437 1313 2481 sub
1348 2438 1405 2480 n.‘'
1440 2436 1484 2479 4Ο
1519 2450 1627 2480 nova
1660 2442 1733 2480 est.

238 2557 240 2560 ,
339 2510 436 2552 216.
473 2512 672 2556 Sanctio
705 2513 947 2556 adversus
989 2512 1283 2555 accedentes
1325 2512 1390 2555 ad
1431 2511 1629 2555 ordines
1673 2512 1846 2554 contra

220 2596 287 2627 ss.
322 2595 554 2627 canones.
589 2607 644 2612 —
682 2581 785 2624 «Ex
821 2586 936 2638 parte
980 2585 1137 2624 tantum
1173 2593 1266 2623 cum
1310 2585 1449 2623 vetere
1483 2582 1571 2622 iure
1603 2581 1838 2635 congruit»

222 2652 330 2708 (can.
367 2654 404 2701 6,
439 2651 496 2705 20)
529 2666 617 2694 can.
653 2654 792 2696 3374.
825 2652 1010 2695 Clericus
1040 2650 1111 2708 qui
1143 2650 1184 2708 a)
1217 2651 1308 2693 sine
1340 2650 1497 2693 li'lleris
1530 2649 1696 2706 supple:
1736 2665 1758 2690 c(
1781 2650 1844 2691 di-

225 2724 425 2766 missoriis
448 2738 489 2776 n,
523 2736 571 2765 eo
604 2723 712 2779 quod
748 2723 929 2766 secunda
962 2723 1131 2765 canonis
1166 2734 1259 2778 pars
1293 2723 1408 2777 punit
1430 2720 1482 2764 ob
1507 2719 1845 2764 testimonialium

225 2793 448 2847 defectum,
487 2792 624 2850 hice!
657 2808 747 2835 eamn
778 2793 917 2850 salsis,
953 2795 1048 2850 quia
1085 2792 1147 2835 vel
1185 2794 1302 2836 lictae
1336 2794 1428 2845 sint,
1457 2791 1517 2835 vel
1552 2792 1850 2848 supposititiae,

229 2863 292 2906 vel
328 2876 348 2906 a
383 2876 462 2906 non
499 2865 674 2919 propriis
707 2860 941 2907 Ordinariis
974 2876 1208 2917 concessae,
1245 2862 1305 2905 vel
1341 2875 1362 2905 a
1398 2864 1574 2918 propriis
1596 2861 1667 2905 sed
1691 2862 1760 2918 qui
1786 2873 1852 2903 ne-

1803 0 1963 180 ,Ἴ
