1981 3182
510 134 594 167 Tm
624 134 694 168 IX.
722 154 735 159 -
761 134 818 169 De
837 136 976 178 poenis
1001 135 1254 169 vindicativz's

1629 134 1698 169 173

788 310 933 347 CAPUT
960 311 983 345 1.

491 397 543 431 De
568 395 702 440 poenis
727 394 971 430 vindicativis
1001 395 1279 429 communibus,

121 491 205 528 CAN.
247 489 352 525 2291.
392 510 407 516 -
450 490 580 525 Poenae
619 488 850 524 vindicativae

70 550 161 586 quae
186 549 308 574 omnes
336 537 452 573 tideles
478 548 539 583 pro
557 537 759 572 delictorum
778 546 852 579 gra-

72 588 178 622 vitate
195 586 329 621 afficere
349 589 505 631 possunt,
535 584 569 618 in
591 583 742 618 Ecclesia
759 593 852 628 prae-

70 635 192 670 sertim
219 637 325 668 sunt:

167 680 216 715 1.⁰
241 679 466 714 Interdictum
501 677 607 713 locale
639 681 672 712 et
707 675 849 711 interdi—

70 733 166 765 ctum
193 727 229 762 in
256 726 543 762 communitatem
573 734 633 759 seu
666 723 849 767 collegium

73 776 109 811 in
137 779 340 822 perpetuum
368 773 421 808 vel
447 772 489 808 ad
515 776 653 817 tempus
688 770 849 816 praefini-

71 828 146 858 tum
174 821 225 857 vel
250 821 294 856 ad
322 819 576 865 beneplacitum
604 817 824 863 Superioris;

166 868 219 903 2.0
246 867 469 902 Interdictum
495 866 540 901 ab
566 866 723 910 ingressu
742 865 849 900 eccle-

69 916 142 971 siae
169 915 205 950 in
224 919 429 961 perpetuum
458 912 508 948 vel
534 912 577 947 ad
597 917 733 958 tempus
754 923 848 957 prae-

71 963 210 998 finitum
226 961 277 997 vel
295 961 337 996 ad
357 960 612 1006 beneplacitum
627 958 846 1004 Superioris:

165 1008 217 1043 3.0
258 1008 413 1044 Poenalis
454 1007 639 1042 translatio
681 1007 732 1041 vel
772 1018 850 1051 sup-

71 1056 200 1104 pressio
218 1055 310 1091 sedis
327 1054 532 1101 episcopalis
551 1056 601 1090 vel
624 1053 826 1100 paroecialis
842 1066 848 1094 3

166 1102 218 1138 4.0
243 1103 391 1138 infamia
419 1102 526 1138 iuris:

165 1149 213 1187 5.0
240 1150 389 1185 Privatio
414 1148 611 1195 sepulturae
641 1148 847 1184 ecclesiasti-

68 1210 140 1240 cae,
166 1198 209 1233 ad
238 1207 397 1232 normam
423 1207 503 1232 can.
538 1194 636 1237 1240,
662 1199 681 1241 ,ξ
712 1196 721 1229 l
743 1208 750 1233 ;

165 1244 218 1279 6.0
246 1244 395 1279 Privatio
421 1243 761 1284 Sacramentalium;

163 1291 217 1327 ΤΑ)
246 1291 398 1326 prix-atio
425 1291 476 1326 vel
504 1290 686 1336 suspensio
704 1290 746 1325 ad
767 1295 850 1325 tem·

72 1352 135 1387 pus
163 1339 340 1386 pensionis
365 1349 454 1384 quae
479 1338 522 1373 ab
550 1337 700 1373 Ecclesia
732 1337 781 1372 vel
809 1348 848 1372 ex

70 1387 171 1423 honis
200 1386 368 1422 Ecclesiae
393 1385 550 1425 solvitur,
578 1384 628 1419 vel
655 1385 745 1419 alius
765 1384 849 1419 iuris

68 1446 129 1470 seu
157 1433 326 1480 privilegii
355 1432 601 1473 ecclesiastici;

167 1479 221 1515 8.0
251 1480 404 1516 Remotio
438 1480 481 1514 ab
515 1479 650 1524 actibus
686 1478 849 1523 legitimis

67 1528 311 1565 ecclesiasticis
337 1526 558 1570 exercendis;

164 1574 216 1610 9.0
242 1574 445 1610 lnhabilitas
474 1574 516 1609 ad
543 1573 672 1618 gratias
694 1567 854 1608 ecclesia)

66 1622 171 1658 sticas
186 1627 245 1657 aut
262 1622 383 1657 munia
398 1622 432 1655 in
452 1621 599 1656 Ecclesia
614 1631 702 1666 quae
720 1625 848 1655 statum

67 1670 263 1705 clericalem
281 1680 350 1704 non
371 1669 564 1714 requirant,
588 1668 638 1702 vel
660 1667 701 1702 ad
721 1667 849 1711 gradus

66 1717 284 1752 academicos
301 1717 505 1751 auctoritate
522 1715 754 1750 ecclesiastica
772 1725 850 1749 con-

68 1765 291 1810 sequeudos;

169 1810 239 1845 {iifl
266 1811 414 1845 Privatio
435 1810 483 1845 vel
505 1809 686 1855 suspensio
705 1809 746 1843 ad
768 1814 850 1843 tem-

68 1870 132 1905 pus
160 1859 326 1897 muneriS,
354 1857 526 1893 facultatis
553 1857 603 1892 vel
629 1857 760 1902 gratiae
780 1856 847 1890 iam

68 1906 231 1942 obtentae
249 1918 255 1947 ;

168 1953 235 1987 11.0
275 1951 425 1987 Privatio
465 1951 549 1987 iuris
589 1950 848 1997 praecedentiae

67 2000 120 2036 vel
150 2000 241 2035 vocis
275 2000 406 2034 activae
431 2004 463 2034 et
499 1999 654 2044 passivae
685 1998 735 2034 vel
764 1998 847 2032 iuris

68 2047 199 2083 ferendi
220 2046 338 2081 titulos
354 2046 506 2087 honoris,
524 2051 666 2088 vestem,
681 2045 847 2089 insignia,

66 2105 156 2141 quae
184 2094 334 2130 Ecclesia
364 2093 595 2134 concesserit;

170 2142 244 2176 12.Ο
270 2140 398 2176 Muteta
425 2140 637 2187 pecuniaria.

115 2187 199 2225 Cis.
226 2187 330 2223 2292.
363 2210 378 2213 -
401 2188 558 2223 Poenalis
577 2187 775 2234 suppressio
788 2193 848 2223 aut

67 2236 253 2272 translatio
278 2236 370 2271 sedis
399 2235 605 2281 episcopalis
623 2240 673 2270 est
694 2234 848 2270 Romano

68 2283 225 2319 Pontifici
253 2287 450 2325 reservata;
476 2282 568 2317 sedis
593 2287 709 2317 autem
731 2294 846 2328 paroe-

67 2330 178 2375 cialiS,
218 2341 239 2366 a
277 2331 429 2366 locorum
472 2328 671 2365 Ordinariis
708 2329 845 2365 decerni

67 2379 202 2423 nequit,
231 2377 298 2412 nisi
326 2389 404 2412 cum
431 2377 576 2412 consilio
610 2376 774 2422 Capituli.

115 2426 198 2463 CAN.
226 2423 328 2459 2293.
358 2446 374 2450 -
395 2429 414 2467 ξ
444 2424 473 2458 1.
494 2423 640 2459 infamia
658 2429 709 2459 est
728 2424 779 2459 vel
799 2424 850 2459 iu-

68 2473 117 2508 ris
144 2473 195 2508 vel
224 2472 316 2508 facti.

113 2520 193 2563 §⁴2-
226 2519 372 2555 infamia
399 2519 484 2553 iuris
511 2518 569 2553 illa
595 2522 645 2553 est
672 2529 759 2563 quae
792 2529 847 2554 ca·
877 2529 885 2537 ⁴

66 2567 163 2603 sibus
189 2567 263 2602 iure
280 2566 457 2602 communi
478 2565 650 2611 expressis
668 2565 844 2600 statuitur.

971 491 990 529 g
1009 486 1038 522 3.
1055 487 1203 523 lnsamia
1219 488 1297 523 facti
1318 488 1547 529 contrahitur,
1565 489 1703 533 quando

924 535 1016 580 quis,
1044 534 1086 569 ob
1116 539 1288 580 patratum
1308 535 1471 569 delictum
1493 535 1545 570 vel
1566 536 1606 570 ob
1628 546 1702 581 pra-

924 593 983 616 vos
1003 592 1128 617 mores.
1151 582 1277 617 bonam
1297 582 1590 617 existimationem
1610 583 1701 628 apud

925 628 1042 664 fideles
1068 629 1196 675 probos
1221 634 1253 664 et
1279 640 1400 673 graves
1426 629 1555 673 amisit,
1577 629 1703 675 dequo

923 676 1092 711 iudicium
1120 680 1251 722 spectat
1276 676 1319 710 ad
1347 674 1588 711 Ordinarium.

971 727 990 765 g
1017 721 1049 757 4.
1080 721 1208 758 Neutra
1226 723 1332 758 afficit
1357 723 1594 768 delinquentis
1621 734 1701 758 con-

923 770 1135 815 sanguineos
1161 775 1219 805 aut
1244 770 1375 810 affines,
1405 770 1503 804 firmo
1539 770 1703 815 praescri-

924 822 981 863 pto
1010 828 1085 852 can.
1116 816 1220 858 2147,
1249 822 1268 859 ἓ
1295 817 1329 857 2,
1358 828 1393 851 n.
1423 816 1456 851 3.

972 864 1056 900 clx.
1086 863 1190 899 2294.
1215 884 1230 890 -
1260 868 1278 906 ξ
1310 865 1338 898 1.
1369 862 1434 907 Qui
1456 863 1701 898 infamiaiuris

925 911 1069 953 laborat,
1100 923 1169 947 non
1205 911 1317 946 solum
1352 916 1402 946 est
1435 910 1634 955 irregularis
1660 910 1701 945 ad

923 970 1082 994 normam
1118 970 1196 994 can.
1230 957 1312 1000 981,
1350 970 1385 993 n.
1420 956 1452 999 5,
1476 958 1533 993 sed
1561 958 1704 1003 insuper

922 1011 973 1041 est
1009 1006 1175 1041 inhabilis
1209 1006 1251 1041 ad
1291 1005 1482 1041 obtinenda
1521 1004 1700 1045 beneficia,

924 1054 1120 1099 pensiones,
1140 1054 1251 1088 officia
1276 1058 1308 1088 et
1335 1053 1522 1097 dignitates
1549 1052 1703 1087 ecclesia-

922 1101 1039 1141 sticas,
1067 1102 1110 1136 ad
1138 1105 1235 1136 actus
1263 1100 1434 1145 legitimos
1452 1099 1702 1135 ecclesiasticos

925 1148 1166 1194 perficiendos,
1202 1147 1244 1183 ad
1284 1147 1485 1183 exercitium
1525 1147 1611 1181 iuris
1644 1151 1703 1181 aut

924 1195 1079 1231 muneris
1105 1195 1343 1235 ecclesiastici,
1371 1200 1403 1230 et
1430 1194 1569 1229 tandem
1594 1193 1702 1228 arceri

922 1242 1023 1278 debet
1049 1253 1069 1277 a
1096 1243 1290 1278 ministerio
1318 1243 1352 1276 in
1384 1241 1491 1277 sacris
1519 1241 1704 1276 functioni-

924 1290 988 1325 bus
1014 1290 1216 1325 exercendo.

971 1341 990 1379 §
1018 1338 1049 1371 2.
1080 1338 1146 1380 Qui
1184 1336 1316 1372 laborat
1351 1335 1497 1370 infamia
1533 1335 1625 1376 facti,
1651 1345 1702 1370 re-

926 1385 1002 1430 pelli
1031 1384 1130 1419 debet
1158 1389 1230 1418 turn
1251 1383 1494 1430 arccipiendis
1520 1382 1703 1417 ordinibus

922 1432 965 1466 ad
994 1442 1151 1467 normam
1179 1442 1257 1466 can.
1288 1429 1369 1474 987,
1399 1442 1433 1464 n.
1465 1429 1497 1473 7,
1526 1429 1705 1474 dignitati—

924 1479 998 1520 bus,
1015 1478 1205 1520 beneficiis,
1222 1477 1342 1513 otliciis
1356 1477 1610 1520 ecclesiasticis,
1628 1482 1701 1511 tum

922 1526 966 1561 ab
985 1526 1175 1562 exercendo
1193 1536 1290 1560 sacro
1309 1524 1502 1559 ministerio
1520 1529 1551 1560 et
1566 1524 1609 1559 ab
1623 1524 1703 1559 acti-

925 1575 988 1609 bus
1015 1574 1179 1618 legitimis
1209 1572 1464 1608 ecclesiasticis.

971 1621 1056 1656 Cas.
1087 1619 1190 1654 2295.
1223 1640 1238 1646 -
1273 1619 1421 1654 lulamia
1457 1618 1542 1653 iuris
1575 1618 1700 1652 desinit

923 1668 993 1703 sola
1029 1668 1289 1714 dispensatione
1323 1679 1342 1702 a
1382 1666 1467 1701 Sede
1507 1665 1701 1711 Apostolica

923 1726 1110 1756 concessa3
1138 1715 1284 1749 infamia
1312 1714 1389 1749 facti
1418 1725 1495 1748 cuin
1524 1713 1614 1747 bona
1633 1713 1701 1747 exi-

923 1763 1076 1797 stimatio
1101 1762 1192 1808 apud
1223 1762 1339 1797 fideles
1368 1761 1490 1807 probos
1508 1765 1538 1795 et
1565 1771 1700 1803 graves,

922 1810 1086 1845 omnibus
1107 1810 1286 1856 perpensis
1311 1809 1486 1844 adiunctis
1504 1812 1535 1842 et
1556 1818 1705 1853 pracser-

923 1858 984 1891 tim
1011 1857 1177 1892 diuturna
1214 1857 1259 1891 rei
1295 1855 1549 1893 emendatione,
1586 1854 1699 1891 suerit,

925 1905 1085 1950 prudenti
1113 1903 1291 1939 Ordinarii
1320 1903 1460 1943 iudicio,
1490 1906 1702 1947 recuperata.

971 1951 1053 1987 Cn.
1082 1950 1187 1986 2296.
1217 1972 1231 1976 -
1267 1955 1285 1993 ξ
1320 1950 1347 1985 l.
1375 1950 1408 1983 Si
1440 1954 1563 1994 agatur
1584 1949 1624 1983 de
1651 1959 1701 1983 re-

923 2000 987 2034 bus
1013 2000 1055 2033 ad
1075 2011 1162 2044 quas
1180 1997 1417 2044 assequendas
1435 1997 1608 2042 capacitas
1628 1996 1702 2030 iure

922 2048 1099 2081 communi
1116 2046 1293 2088 statuitur,
1311 2044 1543 2079 inhabilitatis
1556 2054 1700 2089 poenam

923 2093 1080 2139 infligere
1107 2104 1175 2128 una
1204 2092 1309 2128 Sedes
1336 2091 1532 2137 Apostolica
1561 2095 1681 2136 potest.

969 2145 989 2183 ξ
1016 2141 1048 2175 2.
1078 2141 1152 2175 lura
1181 2140 1249 2175 iam
1269 2139 1426 2185 quaesita
1444 2150 1514 2173 non
1534 2138 1701 2173 amittun-

922 2193 978 2223 tur
1010 2188 1052 2223 ob
1087 2188 1389 2233 supervenientem
1431 2185 1698 2225 inhabilitatem,

924 2235 989 2269 nisi
1019 2236 1097 2269 huic.
1124 2235 1272 2270 addatur
1299 2245 1411 2280 poena
1438 2233 1654 2279 privationis.

970 2283 1053 2317 cim.
1074 2281 1176 2316 2297.
1197 2303 1213 2307 -
1230 2281 1376 2316 Mulctas
1392 2281 1611 2327 pecuniarias
1626 2280 1700 2314 iure

921 2330 1099 2365 communi
1117 2328 1280 2370 intlictas,
1295 2339 1443 2374 quarum
1464 2327 1614 2372 erogatio
1631 2338 1698 2361 non

921 2377 965 2411 sit
991 2378 1109 2412 eodem
1139 2377 1211 2411 iure
1243 2376 1435 2422 praefinita,
1454 2375 1610 2420 aliasque
1628 2374 1701 2408 iure

924 2424 1086 2470 peculiari
1115 2428 1261 2458 statutas
1289 2423 1340 2458 vel
1366 2423 1578 2461 statuendas
1598 2420 1702 2457 Ordi-

921 2472 1011 2506 narii
1048 2471 1199 2506 locorum
1234 2481 1375 2515 erogare
1409 2470 1537 2505 debent
1565 2470 1598 2503 in
1629 2469 1700 2514 pios

921 2530 1015 2561 usus,
1044 2530 1113 2553 non
1141 2529 1220 2553 vero
1247 2518 1281 2551 in
1310 2517 1532 2552 commodum
1561 2526 1700 2551 mensae

920 2566 1128 2612 episcopalis
1153 2569 1213 2600 aut
1235 2564 1449 2611 capitularis.

188 2662 285 2706 121.
321 2664 509 2708 Divisio
541 2663 666 2707 tituli
699 2665 748 2707 et
779 2663 1033 2719 inscriptio
1073 2662 1250 2717 capitis
1289 2662 1446 2717 primi.
1479 2660 1518 2702 Si
1545 2671 1698 2715 poenae

68 2733 350 2777 vindicativae
375 2734 647 2788 inspiciantur
681 2731 921 2786 formaliter,
946 2737 987 2775 ut
1025 2748 1047 2772 α
1072 2733 1325 2787 privationes
1357 2731 1532 2774 alicuius
1557 2729 1649 2772 boni
1676 2745 1693 2769 »

67 2803 177 2861 (can.
214 2802 360 2860 2215),
394 2803 495 2846 haec
531 2802 649 2854 hona,
683 2815 776 2845 cum
813 2803 897 2845 fere
932 2804 1147 2845 innumera
1171 2801 1571 2855 sint,(tifficulte1·in
1596 2799 1699 2842 clas—

67 2888 132 2919 ses
165 2874 354 2918 distribui
401 2878 578 2931 possent,
614 2874 689 2916 nisi
722 2873 988 2916 attendantur
1031 2885 1273 2915 communes
1317 2871 1535 2929 qualitates
1568 2869 1695 2912 delin-
