1981 3182
0 0 25 139 Ι
170 113 265 149 Can.
291 111 496 147 2293-2294
614 111 699 146 ΤιΤ.
726 111 798 146 ΙΧ.
827 132 840 137 -
866 111 924 146 De
942 113 1081 156 poenis
1106 113 1356 147 vinclz'caticz's
1730 113 1798 148 177

172 232 330 288 amisit,
363 231 413 275 de
445 245 523 289 quo
556 232 701 275 ellectu
736 232 969 274 amissionis
1009 230 1086 274 sub
1126 232 1346 287 praedictis
1387 234 1708 276 circumstantiis
1740 232 1799 274 iu-

172 302 329 347 dicium
361 307 521 360 spectat
553 301 609 344 ad
645 300 939 354 Ordinarium,
960 303 1050 344 sive
1076 301 1153 345 loci
1178 304 1267 345 sive
1299 303 1564 359 Superiorem
1584 305 1800 356 maiorem,

172 375 238 417 cui
273 377 472 430 gravatus
505 373 670 416 infamia
705 371 772 415 illa
805 371 1019 415 subdatur.
1055 371 1109 414 lta
1146 371 1295 428 legitur
1322 386 1357 413 v.
1383 386 1444 428 gr.
1470 375 1507 415 in
1532 385 1621 429 cap.
1656 373 1679 415 4
1709 372 1799 416 «de

173 442 522 497 accusationibus,
545 441 879 499 inquisitionibus
901 445 939 484 et
963 441 1390 485 denunciationibus»
1429 442 1494 500 (V.
1531 442 1596 499 1):
1635 442 1799 486 «Valde

174 526 304 571 grave
337 518 411 567 est,
446 518 489 556 ut
515 515 590 567 vir,
624 513 675 556 de
708 525 788 570 quo
821 516 932 555 tanta
966 517 1004 555 et
1037 511 1130 554 talia
1156 512 1459 556 denunciantur
1481 513 1592 570 (cum
1619 519 1714 557 ante
1738 527 1798 557 re-

175 586 285 643 quiri
319 588 357 627 et
380 584 529 628 discuti
565 582 762 639 debeant)
794 582 1019 625 honoretur
1041 597 1080 623 ».
1115 583 1249 639 Atque
1283 585 1320 625 in
1355 596 1445 639 cap.
1482 584 1532 626 54
1574 584 1661 627 «de
1694 586 1802 627 testi-

177 655 252 699 bus
284 660 323 698 et
356 653 686 698 attestationibus
707 652 833 709 »*(11,
869 652 941 709 20)
975 655 1030 695 ait
1063 652 1184 709 Greg.
1223 653 1302 696 tx:
1343 670 1364 694 «
1386 659 1455 696 aut
1479 657 1510 697 si
1545 659 1717 710 gravata
1750 658 1801 698 sit

174 728 263 770 eius
295 727 432 782 opinio
468 738 539 780 pro
572 737 619 767 eo
662 723 770 780 quod
812 724 1060 780 quandoque
1101 725 1175 767 suit
1209 724 1277 767 tali
1320 725 1441 767 modo
1481 724 1676 781 (nempez
1716 727 1799 768 «in

176 795 380 841 criminali
415 795 610 838 iudicio»
649 798 693 837 ut
725 793 898 850 ibidem)
934 793 1136 850 repulsus,
1175 797 1367 852 quamvis
1402 798 1438 838 in
1480 795 1556 838 hoc
1590 808 1686 838 casu
1720 809 1799 839 non

174 867 470 911 excluderetur
503 868 540 908 in
581 877 705 908 causa
739 865 867 911 civili.
894 870 1025 921 potest
1063 878 1084 908 a
1124 868 1357 909 testimonio
1396 866 1509 922 (licet
1545 869 1677 922 egerit
1712 879 1802 922 poe-

176 939 407 988 nitentiam)
440 938 646 980 removeri
669 951 709 980 ».

290 1007 318 1064 ξι
350 1010 392 1049 4.
426 1005 591 1050 Neutra
624 1006 834 1062 praedicta
870 1008 1033 1050 infamia
1072 1009 1219 1050 «iuris
1255 1007 1316 1050 vel
1352 1009 1445 1050 sacti
1472 1024 1490 1048 J)
1530 1007 1575 1065 (ς’
1609 1006 1651 1063 ’1)
1677 1006 1803 1064 afficit

173 1079 309 1135 quoad
346 1077 542 1120 iuridicos
575 1077 744 1120 aflectus
779 1077 841 1120 vel
879 1080 916 1120 in
952 1079 1037 1121 soro
1072 1077 1280 1121 Ecclesiae
1313 1078 1595 1135 delinquentis
1635 1078 1730 1121 inde
1752 1078 1804 1121 ai-

175 1149 267 1191 fecti
302 1147 499 1191 alterutra
524 1148 856 1205 consanguineos
880 1148 1083 1204 quoslibet
1107 1154 1181 1191 atet
1205 1149 1363 1206 affines,
1385 1151 1479 1204 quia
1506 1151 1616 1191 iuxta
1643 1161 1729 1204 reg.
1750 1148 1802 1191 2⁶2

174 1220 275 1261 iuris
299 1220 336 1261 in
363 1218 435 1261 6⁰:
466 1234 485 1258 <t
512 1217 599 1260 Non
625 1217 745 1261 debet
770 1218 919 1275 aliquis
942 1218 1112 1261 alterius
1135 1219 1229 1261 odio
1255 1221 1581 1275 praegravari».
1606 1218 1802 1261 Additum

174 1294 262 1333 est:
296 1288 414 1345 firmo
445 1288 710 1346 praescripto
744 1303 836 1331 can.
870 1292 1004 1343 3147,
1036 1289 1064 1347 ς’
1096 1291 1140 1341 ’3,
1176 1304 1213 1333 η.
1247 1291 1289 1342 3,
1329 1289 1453 1332 veluti
1490 1292 1608 1333 unica
1639 1290 1805 1343 regulae

173 1362 375 1416 exceptio.
415 1358 639 1403 Videlicet:
675 1360 841 1416 quando
881 1376 900 1400 «
928 1360 1057 1403 bonae
1100 1362 1417 1403 existimationis
1450 1362 1616 1403 amissio
1650 1361 1806 1402 oriatur

176 1444 227 1474 ex
271 1431 377 1474 sacto
421 1433 823 1486 consanguineorum
867 1431 1114 1488 quibuscum
1159 1431 1364 1488 parochus
1402 1433 1566 1485 vivit»,
1601 1444 1694 1473 nam
1729 1432 1806 1473 erit

176 1513 299 1545 causa
333 1502 542 1544 sufficiens
574 1501 623 1544 ad
661 1514 846 1544 normam
892 1505 1056 1545 citatam
1094 1507 1136 1545 ut
1184 1501 1433 1558 «parochus
1473 1501 1752 1545 inamovibilis
1784 1514 1805 1544 a

176 1584 249 1615 sua
285 1575 471 1628 paroecia
508 1562 692 1615 amoreri
730 1569 898 1628 possit'»
938 1573 1044 1629 (can.
1083 1573 1209 1625 2147,
1243 1575 1268 1626 ,ξ
1303 1572 1359 1629 1).

298 1642 393 1687 tati.
427 1645 661 1689 Infamiae
684 1644 892 1689 effectus
911 1646 1116 1690 iuridici.
1132 1646 1272 1686 2994.
1291 1645 1318 1701 g
1338 1647 1370 1685 J.
1396 1643 1478 1696 Qui
1498 1642 1677 1701 infamia
1696 1642 1805 1685 iuris

178 1713 304 1757 veluti
329 1713 507 1770 quadam
534 1713 737 1769 spirituali
764 1718 1019 1770 repugnante
1045 1715 1282 1756 intirmitate
1306 1713 1483 1767 [eborac
1509 1721 1547 1766 a)
1568 1728 1645 1755 non
1671 1712 1804 1756 solum

176 1789 236 1826 est
269 1783 540 1839 irreqularis,
577 1789 617 1826 ut
650 1784 817 1827 aliunde
860 1789 1032 1836 constat,
1078 1798 1225 1840 nempe
1260 1784 1315 1826 ad
1349 1799 1534 1827 ›terinam
1571 1799 1661 1828 ean.
1695 1787 1801 1839 984,

177 1869 216 1897 η.
250 1857 280 1898 5
314 1854 366 1899 ibi
402 1854 671 1908 declaratam,
704 1868 797 1898 cum
835 1855 1110 1911 prohibitione
1144 1855 1296 1912 duplici
1332 1870 1380 1898 ex
1416 1868 1505 1898 can.
1532 1856 1629 1907 968,
1653 1854 1724 1897 secl
1746 1854 1806 1897 in-

176 1939 301 1983 super
335 1925 377 1977 b)
401 1931 461 1968 est
488 1924 688 1968 inhabilis
712 1925 767 1967 ml
789 1925 1011 1968 obtinenda
1040 1926 1174 1969 valide
1214 1941 1233 1966 ((
1257 1925 1451 1981 beneficia
1476 1926 1754 1969 ecclesiastica
1778 1942 1799 1965 »

179 1998 343 2052 proprie
376 1996 485 2040 dicta
520 1996 627 2053 (can.
665 1996 809 2053 1409),
841 1997 1063 2054 pensiones
1096 1996 1300 2054 quaslibet
1333 1998 1382 2039 ad
1423 2010 1512 2041 can.
1544 1997 1649 2040 1429
1674 1996 1807 2040 decla-

178 2071 299 2116 ratas,
334 2066 476 2124 officia
525 2082 544 2107 ((
567 2070 708 2110 stricto
755 2081 878 2111 sensu
902 2084 922 2109 »
963 2068 1070 2124 (can.
1108 2067 1208 2124 1423)
1243 2073 1281 2109 el
1323 2067 1554 2123 ‹li'qnilales
1586 2070 1644 2111 sic
1676 2068 1807 2110 dictas

178 2142 346 2194 propter
379 2137 546 2181 honoris
578 2143 647 2181 aut
680 2140 995 2195 praecedentiae
1021 2141 1107 2181 iura
1133 2138 1579 2195 eeclesi(1.s·!iea.s·,quae
1615 2138 1807 2182 videlicet

179 2208 340 2265 singula
375 2208 426 2252 ab
459 2209 740 2253 ecclesiastica
773 2212 1018 2253 auctoritate
1051 2211 1329 2263 conterantur,
1351 2212 1586 2266 pariterque
1624 2214 1727 2252 «est
1752 2211 1807 2251 in-

181 2278 328 2322 habilis
346 2295 366 2319 n
404 2278 460 2321 ad
491 2285 609 2321 aelus
632 2279 841 2337 leyilz'mos
865 2280 1170 2323 ecclesiasticos
1190 2279 1484 2337 perficiendos,
1506 2284 1708 2337 quotquot
1730 2279 1806 2323 sub

177 2350 236 2393 n.⁰
272 2350 316 2393 2⁰
350 2356 457 2394 can.⁵
492 2350 602 2393 *22256
639 2357 919 2395 recensentur.
955 2354 1135 2409 itemque
1169 2350 1224 2393 ad
1256 2351 1504 2394 exercilimn
1541 2351 1722 2394 validum
1748 2351 1808 2394 iu-

176 2420 239 2462 ris
272 2426 346 2463 (ml
381 2420 566 2463 numeris
599 2420 874 2464 ecelesiastici
907 2436 979 2478 per
1011 2436 1062 2466 ss.
1097 2434 1275 2465 canones
1310 2424 1509 2478 recogniti
1543 2426 1613 2464 aut
1646 2420 1697 2464 ab
1730 2421 1803 2464 Ec-

167 2491 328 2536 clesiae
373 2490 568 2534 Praelatis
611 2490 838 2545 obtinendi,
882 2492 1194 2548 comprehensis
1241 2505 1340 2548 ergo
1380 2497 1464 2535 tum
1499 2492 1644 2535 officiis
1682 2507 1701 2532 «
1726 2492 1806 2535 lato

176 2575 341 2605 sensu»
380 2561 487 2617 (can.
525 2561 641 2618 14¹5),
675 2566 759 2605 tum
796 2563 1042 2606 muneribus
1075 2577 1179 2619 quae
1218 2562 1443 2620 «aliquam
1479 2576 1571 2606 cum
1595 2562 1807 2606 beneficiis

175 2632 493 2675 similitudinem
528 2646 625 2689 prae
658 2646 700 2675 se
735 2634 868 2677 ferant
891 2650 910 2675 »
960 2634 1068 2691 (can.
1119 2632 1260 2689 1412),
1294 2638 1333 2675 et
1369 2632 1534 2675 [stadem
1567 2632 1706 2675 arceri
1738 2631 1805 2674 cle-

175 2702 239 2745 bet
275 2717 345 2758 per
378 2716 463 2757 eos,
485 2706 554 2760 qui
582 2703 702 2746 talem
733 2703 883 2747 habent
902 2709 1160 2761 potestatem,
1180 2718 1204 2745 (ι
1224 2704 1462 2747 ministerio
1482 2703 1666 2761 quolibet
1690 2716 1806 2759 prae-

175 2776 316 2816 sertim
361 2786 492 2825 sacro,
537 2773 643 2830 quod
691 2776 750 2816 eis
794 2776 882 2817 iure
921 2779 1126 2830 competat
1162 2773 1202 2815 tn
1238 2774 1374 2816 saeris
1406 2772 1691 2831 s'aizcliom'bus
1734 2785 1804 2815 seu

175 2843 313 2887 cultus
346 2844 476 2887 divini
511 2843 752 2887 exercendo.
788 2844 854 2888 Sic
889 2845 1006 2901 plene
1039 2844 1257 2887 coadunati
1291 2848 1385 2887 sunt
1418 2845 1599 2897 effectus,
1636 2848 1716 2886 tam
1736 2845 1806 2900 qui

260 2933 356 2962 BLAT
380 2949 397 2955 -
425 2932 547 2964 Comm.
577 2934 663 2962 Text.
689 2932 765 2963 cod.
790 2934 864 2963 Iur.
891 2935 971 2963 Can.
1686 2932 1723 2960 12
