1981 3182
212 135 279 168 too
676 134 761 168 L113.
793 134 837 168 V.
869 154 879 158 —
908 134 1017 168 PARS
1043 134 1094 168 II.
1124 155 1135 159 -
1164 135 1220 168 De
1239 137 1377 179 poenis
1522 135 1615 170 Can.
1641 133 1845 168 2244-2245

209 266 303 296 sura
342 253 521 310 «plures
554 254 770 297 distinctas
815 259 951 309 partes
995 253 1183 296 eiusdem
1228 256 1517 297 sententiae».
1552 254 1701 310 Agitur
1733 255 1842 296 enim

212 325 262 367 de
295 324 457 367 delictis
493 327 570 367 iam
609 327 867 380 perpetratis.

332 396 399 438 69.
437 397 717 441 Divisiones
752 409 1066 441 censurarum
1101 395 1236 452 quoad
1273 407 1416 438 earum
1451 394 1767 438 absolutionem.
1803 393 1843 436 ln

211 479 299 522 cap.
336 466 388 508 29
428 466 517 509 «de
549 468 751 509 sententia
778 468 1258 509 excommunicationis»
1282 463 1347 520 (V,
1370 466 1444 521 39)
1468 464 1503 508 X
1527 468 1583 508 ait
1608 465 1744 508 lnnoc.
1770 464 1844 507 lll:

214 553 235 577 «
259 537 298 579 ln
332 537 516 580 secundo
554 550 651 580 vero
685 549 782 580 casu
817 550 836 578 a
871 550 945 579 suo
969 539 1164 592 episcopo
1202 536 1264 578 x'el
1300 549 1320 578 a
1348 539 1513 592 proprio
1535 536 1751 579 sacerdote
1776 549 1843 591 po-

211 610 303 650 terit
336 607 607 650 absolutionis
641 606 886 650 beneficium
913 607 1159 654 obtinet-e„..‚
1184 609 1279 663 quia
1307 611 1441 649 tamen
1466 606 1655 649 conditor
1677 607 1847 649 canonis

210 681 299 722 eius
332 678 813 735 (excommunicationis)
847 678 1149 721 absolutionem
1185 677 1261 720 sibi
1295 676 1530 733 specialiter
1564 690 1641 719 non
1664 678 1845 731 retinuit,

211 764 258 793 eo
293 752 379 805 ipso
403 751 658 793 concessisse
686 749 850 792 videtur
874 748 1110 792 facultatem
1136 748 1227 791 aliis
1252 748 1523 791 relaxandi».
1552 751 1636 791 Hoc
1660 750 1698 789 in
1723 760 1846 790 sensu

210 821 394 864 declarat
428 834 517 865 erm.
555 822 693 863 ⁶2:245.
725 822 749 873 ἓ
783 822 816 862 1.
842 818 1054 861 (Ὓθηεηναθ
1087 819 1295 876 quaelibet
1321 818 1436 860 aliae
1468 824 1565 860 sunl
1588 823 1844 870 reservatae,

211 894 306 948 quia
344 892 535 948 infligens
568 904 637 933 eas
670 904 690 933 a
728 893 816 933 iure
854 890 914 933 vel
941 889 993 933 ab
1017 889 1197 944 bomine,
1235 892 1401 932 retinuit
1436 889 1739 932 absolutionem
1777 902 1848 945 per

209 976 252 1005 se
289 963 350 1005 vel
386 976 458 1018 per
492 961 618 1005 alium
654 961 849 1014 damiam,
898 960 1013 1003 aliae
1046 974 1124 1002 mm
1161 966 1416 1009 reservatae,
1458 960 1717 1017 proindeque
1750 973 1845 1002 con·

214 1047 328 1076 cessa
363 1033 453 1076 aliis
487 1032 679 1075 facultate
716 1032 930 1075 relaxandi
965 1044 1107 1074 earum
1146 1031 1372 1074 vinculum.

331 1103 371 1146 ln
407 1116 496 1159 cap.
538 1103 579 1145 il
626 1103 716 1145 «de
751 1102 886 1145 officio
921 1102 1070 1144 iudicis
1104 1101 1345 1144 ordinarii»
1375 1100 1422 1158 (l,
1458 1101 1530 1158 31)
1568 1100 1601 1143 X
1634 1100 1774 1144 lnnoe.
1799 1100 1848 1143 lll

212 1175 455 1231 respondet:
497 1190 516 1214 ε(
538 1174 598 1216 Ad
637 1173 956 1229 postulationem
982 1173 1173 1220 dicimus,
1210 1173 1318 1229 (quod
1345 1186 1438 1215 cum
1474 1172 1690 1229 delegatus
1714 1171 1850 1229 (Sedis

211 1245 488 1302 Apostolicae,
523 1247 591 1301 qui
629 1258 742 1287 reum
772 1249 938 1300 propter
966 1246 1271 1287 contumaciam
1301 1245 1574 1295 manifestam,
1607 1256 1846 1286 excommu-

214 1318 432 1359 nicationis
469 1315 635 1358 vinculo
670 1316 1120 1371 innodavit)quantum
1157 1314 1206 1357 ad
1245 1314 1430 1367 illud,sit
1466 1317 1596 1357 maior
1624 1314 1847 1365 ordinario,

210 1391 297 1431 sine
334 1387 526 1430 mandato
560 1388 711 1429 summi
750 1387 956 1442 pontilicis
980 1388 1367 1429 excomimmicatus
1400 1385 1451 1428 ab
1475 1385 1711 1428 huiusmodi
1737 1384 1848 1427 dele-

213 1463 322 1513 gaio,
356 1471 435 1500 non
473 1462 603 1513 potest
640 1470 711 1512 per
745 1456 870 1499 alium
910 1456 1220 1513 (praeterquam
1259 1459 1295 1498 in
1333 1458 1477 1498 mortis
1510 1454 1702 1511 articulo)
1737 1455 1852 1498 abso-

213 1529 383 1572 lutionis
417 1530 593 1584 gratiam
629 1527 832 1581 obtinere,
869 1529 942 1569 nisi
986 1528 1119 1569 t'orsan
1166 1526 1381 1583 delegatus
1415 1526 1506 1569 talis
1549 1528 1745 1579 extiterit,
1780 1527 1850 1568 cui

211 1600 316 1643 alius
349 1599 547 1642 succedat
583 1601 620 1640 in
646 1611 771 1640 onere
805 1603 841 1640 et
868 1597 1023 1640 bonore
1043 1613 1081 1641 >),
1105 1598 1214 1640 ldem
1244 1597 1425 1640 Pontifex
1461 1599 1520 1639 sic
1557 1596 1771 1652 respondet
1798 1595 1847 1638 ad

211 1673 470 1728 quaesitum:
511 1674 692 1712 «utrum
727 1671 795 1725 qui
832 1671 1074 1711 nominatim
1111 1669 1487 1711 excommunicatis
1519 1669 1698 1710 scienter
1736 1679 1846 1709 com-

214 1743 436 1793 municant,
473 1740 630 1784 absolvi
667 1739 718 1783 ab
752 1742 1188 1782 excommutiicatione
1215 1741 1368 1794 possint
1404 1752 1476 1794 per
1501 1739 1801 1781 confessionem
1827 1749 1849 1780 a

209 1812 385 1868 simplici
419 1811 648 1863 sacerdote,
687 1810 749 1854 vel
776 1813 958 1866 episcopi
989 1824 1060 1852 seu
1085 1809 1386 1865 archiepiscopi
1412 1812 1463 1851 sit
1486 1808 1536 1851 ab
1561 1811 1619 1851 eis
1642 1807 1848 1851 absolutio

212 1883 479 1940 expetenda?
500 1884 556 1926 »².
601 1909 646 1912 —
686 1899 706 1922 «
733 1881 773 1924 ln
811 1884 943 1937 primo
989 1881 1156 1938 quidem
1192 1880 1382 1935 articulo,
1417 1894 1509 1923 cum
1547 1879 1638 1922 talis
1666 1893 1849 1922 commu-

213 1958 320 1998 nicet
353 1957 532 2007 crimini,
566 1960 605 1997 et
641 1956 856 2010 participet
893 1955 1131 2002 criminoso,
1166 1965 1213 1995 ac
1250 1966 1320 2008 per
1354 1952 1430 1994 boc
1467 1953 1624 1994 ratione
1664 1951 1847 1994 danmati

212 2029 399 2069 criminis
427 2026 617 2068 videatur
653 2027 689 2067 in
726 2038 820 2068 eum
846 2024 1105 2081 delinquere,
1140 2026 1208 2080 qui
1235 2024 1472 2066 damnavit:
1507 2022 1559 2066 ab
1583 2036 1645 2076 eo,
1674 2021 1735 2064 vel
1761 2024 1849 2064 eius

213 2099 450 2153 Supertore,
487 2098 632 2139 merito
663 2095 818 2148 delicti,
852 2101 947 2138 tunc
981 2097 1057 2138 erit
1102 2094 1305 2138 absolutio
1342 2094 1616 2151 requirenda:
1650 2106 1745 2136 cum
1791 2093 1847 2135 fa-

213 2170 389 2211 cientem
425 2172 461 2209 et
497 2170 824 2210 consentientem
862 2179 934 2222 par
969 2178 1099 2222 poena
1135 2168 1448 2221 constringat».
1756 2154 1759 2157 ’

336 2237 439 2280 Huic
474 2251 573 2293 ergo
619 2239 695 2280 iuri
744 2237 1008 2293 praecedenti
1055 2238 1244 2291 congruit
1280 2238 1304 2289 g
1335 2238 1379 2278 3.
1417 2236 1603 2277 sensura
1637 2233 1847 2291 quaelibet

215 2308 263 2349 ab
297 2306 475 2359 homine,
514 2310 635 2350 etiam
679 2307 744 2349 illa
791 2321 898 2364 quae
948 2312 1182 2363 «tanquam
1229 2306 1279 2349 ab
1316 2306 1480 2349 bomine
1515 2305 1842 2348 consideraturi>

216 2379 322 2435 (can.
362 2379 471 2421 2217
508 2381 532 2432 ,ξ
569 2379 601 2431 l,
640 2377 713 2425 3⁰³,
751 2383 811 2420 es!
856 2383 1070 2419 reservata
1118 2380 1154 2418 vi
1192 2377 1312 2419 buius
1358 2378 1600 2432 praescripti
1636 2380 1672 2425 a)
1705 2376 1744 2417 ei
1777 2375 1849 2431 qni

215 2462 431 2491 censuram
470 2449 578 2491 illam
615 2449 868 2504 singularem
907 2448 1064 2504 inslioeif
1106 2461 1218 2503 «per
1252 2447 1419 2489 niodum
1471 2448 1678 2502 praecepti
1723 2459 1845 2502 pecu·

217 2519 385 2571 liaris»,
420 2525 493 2561 aul
538 2519 787 2561 sententiam
819 2518 1095 2561 «iudicialem
1132 2518 1514 2561 condemnatoriam
1536 2533 1555 2557 ))
1586 2515 1698 2569 tulit,
1727 2518 1845 2558 «etsi

217 2593 304 2632 iure
347 2595 537 2632 statuta»
591 2591 709 2632 fuerit
757 2590 847 2632 talis
890 2601 1063 2632 censura
1099 2590 1204 2643 urtam.
1240 2589 1338 2642 cit),
1369 2588 1410 2645 b)
1444 2588 1582 2630 eiusce
1615 2589 1848 2642 Superioris

220 2659 280 2702 vel
319 2660 466 2703 iudicis
510 2659 736 2716 Superiori
770 2659 1018 2717 eortipelenli
1061 2659 1217 2701 ordinis
1257 2660 1488 2714 respective
1521 2657 1848 2700 extraiudieialis

220 2730 281 2773 vel
318 2730 534 2783 iudicialis,
572 2730 632 2772 rel
665 2737 701 2773 ct
751 2730 981 2772 successori
1025 2743 1166 2771 eornm
1217 2729 1293 2772 sub
1327 2729 1370 2785 a)
1405 2734 1442 2772 et
1477 2728 1512 2782 b)
1562 2730 1598 2770 in
1647 2727 1845 2783 singulari

334 2885 343 2905 ¹
374 2883 462 2926 Cap.
495 2883 539 2915 29
574 2898 586 2911 ‹
608 2882 652 2915 de
680 2884 879 2916 sententia
906 2882 1327 2915 excommunicationis
1349 2897 1361 2910 »
1397 2881 1457 2924 (V,
1487 2880 1546 2923 39)
1574 2879 1624 2913 X.
