1981 3182
263 0 277 13 ,·
287 0 404 18 &vv-fle(
424 0 443 5 '-

537 136 624 170 Trr.
654 136 762 170 VIII.
791 155 801 161 -
829 136 886 170 De
904 138 1043 180 poenis
1069 135 1368 170 medicinalibus
1670 137 1758 171 71‘27

249 255 318 298 82.
356 255 543 300 Divisio
592 256 768 310 capitis
811 257 860 299 et
902 256 1157 309 inscriptio
1201 257 1294 299 art.
1331 256 1359 298 1.
1412 280 1463 284 -
1509 253 1605 297 Can.
1644 255 1756 298 2255

129 327 282 382 expetit
318 327 463 381 capitis
487 325 608 367 huius
631 325 879 367 divisionem
907 326 944 365 in
971 328 1052 366 tres
1078 324 1372 379 paragraplmS.
1391 322 1505 368 Ordo
1532 338 1629 367 vero
1654 328 1758 369 inter

128 408 325 440 censuras
360 398 397 438 in
431 398 569 451 specie
607 395 771 437 videtur
803 396 986 450 incipere
1022 399 1104 436 tum
1140 406 1162 436 a
1199 397 1340 436 maiori
1372 408 1513 437 earum
1540 398 1756 451 gravitate,

128 470 224 524 quia
258 479 419 509 summa
454 472 515 509 est
549 468 727 522 privatio
761 464 960 508 bonorum
989 467 1026 506 in
1052 468 1496 517 excommumcalione,
1523 471 1754 522 postquam

130 537 331 581 bonorum
366 539 496 592 magis
529 538 813 579 communium
840 548 959 578 usum
985 536 1117 578 aufert
1152 535 1430 585 interdictum,
1469 549 1592 593 quam
1633 550 1755 594 quae-

129 608 227 651 libet
258 610 486 664 suspensio,
522 607 738 650 Praeterea
772 605 875 648 haec
908 610 1144 648 coarctatur
1173 606 1222 647 ad
1248 606 1434 659 clericos,
1461 608 1756 662 praecedentes

130 692 227 722 vero
261 678 543 721 extenduntur
576 679 699 720 etiam
724 676 774 719 ad
801 675 938 729 laicos,
974 678 1166 732 quamvis
1206 676 1438 730 interdicto,
1462 679 1494 719 si
1531 676 1659 720 locale
1691 680 1756 732 sit,

130 749 326 795 mulctati,
361 762 409 791 eo
443 748 618 790 durante
654 749 822 803 poss'unt
858 746 1023 789 liberari
1061 760 1131 801 per
1174 746 1426 789 voluntatem
1462 760 1481 789 a
1507 749 1757 791 sustinendis

127 819 313 862 eiusdem
348 818 576 862 effectibus.

244 891 334 932 Art.
370 891 391 931 1
426 888 664 932 inscribitur
718 887 774 930 De
808 887 1237 930 eoeeonmzzmiea{ione
1274 888 1520 943 simpliciter
1562 894 1755 945 tauquam

128 963 260 1014 unica,
295 973 402 1017 quae
436 960 544 1002 idem
582 959 689 1002 valet
723 972 769 1002 ac
804 964 920 1001 extra
960 961 1296 1001 communionem
1336 961 1543 1002 constitui.
1568 959 1654 1002 Non
1690 959 1756 1003 illa

127 1031 383 1087 intelligitur,
417 1043 522 1087 quae
558 1032 696 1072 innixa
731 1034 791 1072 est
825 1030 920 1072 tidei
954 1035 991 1072 et
1026 1032 1201 1083 caritati,
1236 1042 1307 1072 seu
1356 1035 1608 1083 sanctorum,
1651 1043 1756 1086 quae

124 1101 251 1145 semel
286 1101 448 1156 adepta,
485 1103 645 1143 nonnisi
683 1102 846 1156 propria
884 1100 1095 1142 voluntate
1143 1102 1359 1152 amittitur,
1395 1105 1533 1155 utpote
1584 1103 1753 1143 interna.

124 1171 370 1215 Communio
406 1171 591 1227 pendens
624 1170 675 1214 ab
702 1171 911 1214 Ecclesiae
935 1173 1180 1213 auctoritate
1205 1176 1263 1213 est
1287 1176 1456 1213 externa
1483 1173 1590 1214 inter
1614 1171 1756 1214 lideles

124 1247 291 1286 actuum
327 1244 666 1294 communicatio,
699 1255 823 1299 quam
860 1243 1105 1297 baptismate
1140 1240 1262 1283 homo
1312 1243 1489 1298 acquirit
1532 1246 1570 1284 et
1614 1255 1753 1284 conse·

122 1315 264 1371 quitur
297 1315 385 1355 iura
420 1314 639 1369 officiaque
675 1313 768 1355 inde
804 1316 1075 1369 consequuta.
1112 1311 1216 1354 Hinc
1253 1311 1307 1353 illi
1354 1313 1421 1368 qui
1468 1314 1752 1354 excommuni-

123 1388 271 1427 cantur
306 1385 407 1426 liunt
441 1388 628 1426 extorres
661 1382 712 1426 ab
747 1382 956 1426 Ecclesiae
990 1385 1200 1431 societate,
1234 1382 1304 1424 sed
1341 1384 1434 1438 quia
1471 1381 1571 1425 llaec
1605 1387 1662 1424 est
1688 1395 1751 1425 ca-

124 1454 289 1505 tholica,
325 1468 402 1497 non
439 1454 528 1497 loco
562 1454 782 1497 excedunt.
817 1446 886 1496 s‘ed
923 1453 1195 1509 spiritualiter
1228 1466 1275 1496 ac
1308 1452 1516 1495 socialiter
1550 1453 1651 1495 tales
1669 1453 1751 1495 etli-

123 1528 303 1569 ciuntur.
330 1551 382 1556 ——
419 1525 458 1568 ln
495 1527 583 1568 iure
620 1524 896 1568 Deci-etalium
935 1527 1145 1567 invenitur
1183 1524 1335 1580 duplex
1380 1526 1754 1567 excommunicatio

125 1601 350 1639 memorata
385 1609 406 1639 a
441 1594 642 1652 Gregorio
679 1594 728 1638 lx
768 1595 826 1637 liis
865 1594 1003 1637 verbis
1038 1595 1075 1638 1;
1116 1610 1135 1635 ((
1166 1597 1204 1638 Si
1241 1608 1363 1651 quem
1398 1594 1476 1637 sub
1511 1594 1585 1637 hac
1626 1595 1751 1636 forma

126 1666 364 1718 verborum,
396 1666 511 1709 illum
545 1669 877 1721 excommunico,
913 1665 1033 1723 (nillil
1068 1665 1242 1721 addito),
1280 1664 1341 1707 vel
1377 1665 1515 1715 simili,
1553 1678 1573 1707 a
1620 1665 1754 1707 iudice

121 1750 195 1780 suo
228 1739 585 1781 excommunicari
620 1739 854 1792 contingat:
891 1737 1113 1779 dicendum
1150 1740 1209 1778 est
1241 1749 1334 1778 eum
1372 1749 1449 1777 non
1486 1740 1641 1778 tantum
1678 1735 1751 1777 mi-

122 1809 232 1863 nori,
264 1821 372 1866 quae
405 1821 425 1851 a
464 1810 729 1864 perceptione
761 1812 1117 1850 sacramentorum
1161 1805 1472 1862 (solummodo),
1513 1806 1582 1848 sed
1629 1809 1750 1849 etiam

123 1879 277 1922 arciori
309 1881 743 1923 excommunicatione
779 1879 902 1935 (quae
937 1891 956 1921 a
1002 1880 1295 1921 communione
1341 1876 1525 1918 lidelium
1569 1876 1750 1933 separat)

121 1963 211 1993 esse
245 1950 479 2006 ligatum».
517 1950 640 1992 Porro
674 1949 775 1992 haec
811 1949 948 1991 minor
980 1949 1357 1991 excomuninicatio
1390 1948 1463 1989 t'uit
1487 1949 1574 1989 iure
1599 1948 1750 1991 inflicta

123 2025 288 2077 propter
320 2022 741 2063 communicationem
764 2032 858 2063 cum
884 2019 1027 2069 allero,
1048 2023 1262 2075 postquam
1291 2021 1456 2073 propter
1488 2019 1645 2060 crimen
1677 2018 1751 2060 fuit

123 2092 188 2136 hic
220 2093 640 2136 excommunicationi
675 2090 898 2133 subiectus.

237 2163 304 2206 Sic
337 2165 445 2205 euim
483 2162 633 2218 legitur
668 2164 705 2204 in
741 2175 832 2216 cap.
870 2161 892 2203 2
933 2176 952 2201 «
977 2161 1027 2203 de
1061 2158 1419 2214 exceptionibus»
1462 2158 1527 2215 (ll,
1553 2158 1644 2214 affl:
1674 2161 1751 2201 «is

121 2236 190 2291 qui
224 2235 587 2276 excommunicato
621 2232 811 2289 (vitando
847 2236 933 2287 post
958 2234 1085 2273 const.
1113 2228 1273 2272 Martini
1303 2227 1351 2284 V)
1377 2231 1413 2271 in
1441 2228 1660 2282 locutione,
1688 2228 1750 2271 vel

121 2306 307 2347 oratione
339 2306 519 2347 scienter
552 2305 908 2357 communicat,....
943 2306 1098 2344 tantum
1141 2314 1161 2342 a
1205 2305 1562 2342 sacramentorum
1611 2312 1750 2355 perce-

122 2376 258 2430 ptione
290 2376 342 2417 sit
376 2378 559 2417 remotus
581 2389 620 2415 )).
658 2372 768 2416 Haec
792 2377 930 2415 aulem
958 2370 1152 2427 paulatim
1179 2369 1395 2423 obsolevit,
1416 2383 1462 2412 eo
1488 2372 1618 2425 magis
1641 2370 1747 2425 quod

124 2445 215 2488 Pius
250 2444 301 2487 lx
336 2447 374 2487 in
410 2448 537 2488 coust.
579 2459 598 2484 ((
623 2443 885 2499 Apostolicae
917 2442 1035 2485 Sedis
1061 2457 1079 2481 »
1118 2454 1207 2483 eam
1244 2453 1322 2483 non
1360 2442 1538 2483 retinuit.
1563 2439 1692 2489 Unde,
1717 2442 1748 2482 si

119 2515 284 2573 aliquod
321 2515 494 2559 dubium
528 2518 776 2570 superesset,
811 2515 1021 2556 evanescit
1057 2514 1169 2554 iuxta
1193 2523 1283 2554 can.
1309 2512 1346 2564 6,
1371 2509 1428 2564 50,
1449 2512 1543 2567 quia
1564 2510 1746 2553 eiusdem

126 2600 145 2626 «
170 2588 207 2628 in
243 2586 392 2629 (lodice
425 2585 536 2628 nulla
573 2586 613 2626 lit
651 2586 818 2637 mentio,
853 2582 1149 2640 (proindeque)
1193 2586 1387 2638 tanquam
1433 2580 1630 2636 abrogata
1676 2580 1745 2622 lia-

120 2655 265 2700 beatur
287 2656 431 2699 saltem
452 2659 540 2699 iure
560 2657 646 2711 ipso
667 2654 914 2697 incurrenda
939 2653 998 2696 vel
1023 2652 1298 2708 infligenda».
1318 2650 1419 2695 Cum
1442 2656 1601 2694 maneat
1625 2652 1749 2706 igitur

238 2809 247 2829 ¹
277 2808 366 2852 Cap.
397 2808 442 2841 59
475 2806 553 2840 «de
580 2806 782 2840 sententia
808 2804 1230 2839 excommunicationis
1250 2817 1267 2836 ›>
1296 2804 1356 2849 (V.
1386 2804 1447 2846 39)
1474 2803 1524 2836 X.
