1981 3182
131 0 218 12 ⁷.‘⁴-⁰·>

123 101 216 137 Can.
242 101 334 136 2241
519 102 602 136 Tm.
632 102 738 136 VIII.
769 123 781 127 -
808 103 864 137 De
886 105 1020 146 poenis
1048 103 1348 137 medicinalibus
1711 106 1755 139 91

130 233 238 263 mum
274 222 440 277 quinam
476 220 694 263 absolvere
738 220 897 263 valeant
932 225 969 262 et
1003 233 1206 276 quaenam
1254 220 1518 264 limitationes
1561 223 1757 265 conditio-

129 304 255 333 nesve
287 290 664 346 subintelligantur,
700 291 926 333 edocemur
964 304 1036 346 per
1067 303 1158 333 can.
1193 291 1305 333 2252
1338 292 1471 348 quoad
1520 295 1661 335 mortis
1693 307 1758 349 pe-

130 361 304 404 riculum
339 366 376 403 et
413 375 484 417 per
517 375 607 403 can.
642 361 768 410 2253,
806 361 915 403 ’2254
953 366 1068 403 extra
1104 361 1322 407 illud,tum
1354 363 1562 406 ordinarie
1599 369 1680 406 tum
1718 366 1755 406 in

128 431 291 475 casibus
324 432 645 488 urgentioribus.

246 503 314 545 65.
350 504 676 548 censurarum
712 505 846 548 notio
880 507 928 548 et
960 506 1244 549 adhibenda
1283 507 1668 561 circumspectio.
1702 530 1755 536 —

132 572 230 615 (1111.
254 575 387 616 2241.
410 573 437 630 5
461 576 496 616 1.
524 573 709 615 Censura
734 587 753 615 a
788 574 995 617 censendo
1028 588 1098 617 seu
1134 575 1380 630 corrigendo
1413 580 1470 617 est
1506 576 1627 625 dicta,
1648 577 1753 633 quod

127 649 213 687 erat
247 647 284 686 in
321 647 408 687 iure
458 645 753 693 Romanorum,
788 658 807 687 a
842 658 922 701 quo
959 646 1132 687 verbum
1185 645 1282 687 illud
1335 648 1537 701 proremt.
1573 647 1751 689 osticium

127 716 455 773 Censorum‚qui
493 729 626 757 mores
658 718 812 758 civium
851 715 1012 771 publica
1048 719 1293 759 auctoritate
1328 716 1683 771 reprehendebant
1718 723 1755 760 et

126 788 311 829 censoria
346 792 438 829 nota
478 788 514 828 in
550 785 700 829 tabulis
732 785 964 841 signabant.
1001 786 1040 828 ln
1077 786 1259 829 Ecclesia
1296 787 1394 830 illud
1440 787 1609 830 verbum
1645 787 1758 830 adbi-

127 856 300 899 bebatur
338 857 387 899 ad
428 857 747 912 significandum
798 870 950 912 poenas
998 857 1152 899 diversi
1203 860 1380 913 generis
1419 858 1558 911 veluti,
1594 864 1756 914 praeter

124 929 437 983 suspensionem
473 940 520 970 ac
555 930 1048 977 excomininiieationem,
1073 928 1372 984 depositionem
1408 941 1573 985 quoque
1607 942 1653 971 ae
1689 943 1756 985 pu-

127 998 273 1041 blicam
306 1000 620 1054 poenitentiam.
658 998 712 1041 lta
741 1001 776 1040 in
803 1001 957 1054 scripto
982 1012 1146 1055 quoque
1172 1001 1258 1041 iure
1282 1012 1455 1042 censura
1481 1000 1551 1042 fuit
1579 1000 1751 1043 verbum

124 1082 171 1112 ex
208 1082 250 1112 se
284 1069 525 1125 ambiguum
565 1082 694 1127 usque
728 1070 776 1111 ad
814 1083 965 1111 annmn
995 1070 1100 1111 1214
1133 1072 1169 1112 in
1195 1084 1276 1126 quo
1312 1070 1447 1113 lnnoc.
1469 1070 1516 1112 lll
1544 1074 1752 1114 restrinxit

123 1140 360 1183 authentica
397 1139 678 1183 declaratione
724 1140 831 1183 illius
873 1142 1217 1195 significationem
1254 1142 1302 1183 ad
1342 1154 1493 1197 poenas
1530 1142 1637 1184 solas
1671 1156 1752 1185 me-

123 1211 333 1255 dicinales.
372 1211 542 1268 Propter
584 1212 692 1268 quod
739 1213 967 1254 secundum
1006 1215 1066 1254 ius
1102 1212 1354 1267 praecedens
1403 1215 1547 1255 asserit
1597 1226 1751 1256 canon:

127 1298 145 1321 τ(
171 1295 343 1326 censura
370 1298 387 1323 1>
417 1288 477 1324 es!
507 1296 642 1339 poena
672 1299 693 1323 α
716 1283 996 1326 ecclesiastiea
1022 1299 1042 1322 »
1073 1288 1192 1338 prout
1228 1286 1263 1324 in
1300 1296 1388 1325 can.
1427 1284 1539 1325 ¹2:215
1575 1285 1646 1326 tuit
1683 1285 1750 1327 de-

125 1355 251 1407 tinita‚
285 1368 366 1411 qua
401 1355 441 1410 a)
477 1353 610 1405 leonio,
649 1370 670 1394 «
693 1357 812 1397 cuius
845 1354 1122 1410 appellatione
1158 1359 1237 1396 tam
1275 1356 1465 1397 t'eminam
1509 1369 1630 1413 quam
1669 1369 1750 1399 ma-

123 1425 282 1467 sculum
317 1427 533 1472 contineri,
569 1438 646 1467 non
691 1425 947 1468 dubitatur»
979 1426 1006 1475 ¹,
1041 1425 1294 1481 lmptizutzm,
1328 1439 1419 1467 nam
1461 1426 1751 1482 «baptismate

123 1498 385 1539 constituitur
419 1498 456 1539 in
485 1496 664 1539 Ecclesia
685 1496 833 1539 (Iliristi
872 1510 1043 1552 persona
1078 1510 1170 1539 cum
1207 1497 1398 1539 omnibus
1431 1497 1748 1540 eluistianorum

123 1566 310 1608 officiis»
350 1565 458 1623 (can.
495 1566 583 1623 87),
619 1567 875 1624 proindeque
912 1569 1098 1623 potestati
1134 1570 1223 1610 eius
1256 1570 1507 1610 coercitirae
1546 1568 1749 1614 subditur,

123 1636 164 1692 b)
189 1635 447 1694 delinquens,
484 1638 609 1681 idest:
647 1637 802 1680 violans
831 1654 850 1677 «
876 1637 1007 1693 legem
1034 1643 1101 1680 aut
1129 1644 1410 1694 praeceptum,
1435 1641 1499 1681 cui
1526 1639 1750 1696 (alterutri)

121 1707 259 1751 addita
303 1710 355 1750 sit
396 1711 554 1751 sanctio
596 1711 793 1752 canonica
820 1725 841 1749 »
887 1709 994 1766 (can.
1032 1709 1177 1765 9193),
1212 1713 1251 1765 c)
1291 1716 1327 1751 el
1372 1716 1610 1762 coaluimus,
1645 1724 1750 1767 quae

121 1778 300 1821 conditio
345 1781 382 1821 in
422 1792 511 1838 can..
547 1793 632 1837 seq.
668 1780 901 1836 explicatur
935 1794 954 1823 a
991 1780 1239 1837 legislatore,
1273 1786 1396 1837 atque
1432 1781 1666 1823 huiusmodi
1692 1787 1747 1824 est

120 1863 319 1893 censurae
342 1850 561 1893 cuiuslibet
586 1850 835 1903 subiectum,
857 1856 893 1893 et
919 1851 1180 1909 quibusdam,
1207 1866 1376 1907 nempe:
1412 1852 1542 1894 solum
1570 1855 1750 1895 externis

119 1933 166 1963 ac
198 1920 275 1964 sub
310 1920 519 1964 Ecclesiae
553 1924 797 1965 auctoritate
833 1925 974 1978 positis
1007 1922 1123 1964 honis
1157 1924 1187 1965 a‘
1228 1922 1526 1979 spirilmililms
1556 1925 1592 1965 in
1628 1937 1670 1965 se
1703 1936 1748 1966 ac

120 1991 286 2034 forsitan
331 1992 732 2048 supernaturalibus,
770 1993 829 2035 rel
863 1993 928 2035 leis
961 1993 1260 2050 spirilmzlilms
1294 1993 1484 2045 adamis,
1522 1999 1604 2036 tum
1633 2007 1747 2049 prae-

118 2063 314 2105 cedenter
338 2068 378 2105 ut
403 2063 508 2106 calix
546 2070 824 2109 consecratus.
851 2070 935 2107 tum
972 2067 1300 2107 concomitanter
1336 2069 1375 2106 ut
1412 2064 1645 2120 praebenda
1683 2063 1748 2107 be-

119 2134 269 2187 neficii,
294 2139 377 2177 tum
404 2141 707 2192 consequenter
743 2138 796 2178 uti
836 2138 897 2178 ius
931 2137 1115 2177 decimas
1148 2136 1416 2191 percipiendi.
1442 2136 1511 2178 sed
1547 2140 1749 2192 ‹platenus

117 2205 168 2248 ad
193 2206 315 2248 tinem
341 2205 552 2249 Ecclesiae
585 2207 946 2263 supernaturalem
982 2207 1411 2263 ordinatis,privatur
1433 2207 1575 2249 saltem
1611 2208 1745 2264 quoad

117 2289 258 2319 eorum
306 2290 422 2319 usum
469 2291 541 2333 pro
586 2283 761 2335 utroque
800 2280 900 2331 t'oro,
934 2278 1077 2331 (timer,
1110 2293 1133 2319 a
1168 2278 1431 2320 contumacia
1466 2281 1503 2329 a)
1536 2277 1745 2320 recedens.

119 2348 239 2401 modo
275 2349 311 2390 in
345 2354 448 2405 seq.⁵
481 2355 588 2391 can.s
621 2357 647 2398 ,ξ
682 2349 725 2391 3⁰
759 2350 980 2406 descripto,
1008 2349 1045 2404 b)
1074 2348 1317 2392 absolvatur
1348 2349 1399 2392 ab
1432 2349 1609 2392 habente
1643 2349 1746 2392 lianc

119 2423 374 2474 potestatem.
416 2419 469 2462 lta
517 2423 553 2462 in
597 2420 724 2463 Clem.
766 2434 832 2464 un.
879 2440 891 2459 (ι
921 2421 972 2463 de
1015 2422 1373 2476 consanguinitate
1418 2425 1455 2462 et
1500 2420 1741 2462 affinitate»

118 2488 197 2534 (tv.
225 2489 264 2545 1}
290 2493 419 2548 inquit
454 2490 644 2534 Clemens
672 2490 699 2533 V
726 2495 762 2534 in
787 2491 909 2535 Cone.
945 2490 1191 2534 Viennensi:
1231 2507 1253 2532 «
1278 2491 1582 2547 praecipientes
1615 2491 1744 2534 eccle-

115 2562 267 2603 siarum
319 2561 526 2617 praelatis,
564 2566 605 2604 ut
640 2561 729 2605 illos
769 2576 872 2619 quos
915 2564 973 2605 eis
1016 2564 1245 2605 constiterit
1294 2561 1430 2604 taliter
1476 2564 1745 2610 contraxisse,

114 2634 497 2675 excommunicatos
543 2632 706 2688 publice
753 2634 908 2676 tamdiu
954 2635 1156 2685 nuntient,
1189 2646 1259 2675 seu
1296 2645 1316 2675 a
1356 2634 1442 2675 snis
1485 2632 1660 2675 subditis
1693 2633 1746 2674 fa-

113 2704 219 2745 ciant
255 2705 448 2756 nuntiari,
484 2703 615 2746 donec.
656 2718 778 2747 sunm
825 2704 1037 2747 humiliter
1070 2708 1414 2760 recognoscentes
1447 2716 1648 2753 errorem,
1683 2716 1744 2745 se-

232 2856 241 2878 ¹
271 2855 296 2889 1.
327 2856 443 2897 eL11,
473 2857 538 2890 tit.
571 2857 625 2898 16,
656 2857 698 2890 L.
728 2857 771 2892 L.
803 2857 849 2890 D.
