1981 3182
243 14 276 32 «ε
299 0 648 26 ,,ἒὶ·τέῡ”ν“»-“’“-’·τ’-·-
671 2 698 9 ’<
738 0 753 10 -’

45 138 48 139 ⁷
107 148 200 183 Can.
227 147 321 182 2210
487 147 572 180 TIT.
600 145 650 180 ΙΙ.
677 166 690 171 -
716 146 773 180 De
797 145 1107 189 immutabilitate
1132 145 1263 178 delicti
1288 146 1353 177 ete.
1598 136 1601 138 ¹
1690 143 1734 178 37

108 267 247 310 ficium
283 271 321 309 et
356 270 615 322 potestatem,
645 263 840 322 poenalis
880 262 931 306 ob
975 263 1160 305 eiusdem
1211 262 1417 305 obiectum
1470 262 1642 304 relative
1685 261 1735 304 ad

108 336 240 393 legem
287 336 499 392 poenalem
542 335 692 379 delicto
746 333 954 386 violatam,
988 338 1025 375 et
1059 333 1167 389 quod
1219 332 1437 388 tripliciter
1484 332 1735 388 explicatur:

42 438 45 442 -
107 406 163 449 ad
191 420 369 464 poenam
405 406 482 462 legi
519 406 723 449 adnexam
775 407 861 459 ipso
897 405 1004 445 facto
1036 403 1329 445 incurrendam
1367 404 1404 456 a)
1437 401 1740 444 declinandam

107 477 371 528 iudicialiter,
409 477 471 520 vel
507 476 649 519 saltem
688 475 1050 517 indeterminatam
1099 474 1377 529 ferendaeque
1401 475 1628 515 sententiae
1654 472 1693 515 bl
1717 485 1738 515 a

107 548 243 591 indice
292 546 582 605 insliqendam,
617 548 668 588 ita
705 550 745 588 ut
780 544 998 601 deliquens
1046 544 1234 587 eamdem
1287 543 1427 586 subire
1476 548 1662 599 cogatur,
1701 547 1740 585 e!

106 617 146 674 c)
182 617 237 661 acl
269 616 620 675 satisfactionem,
654 620 859 672 quatenus
893 628 912 657 a
951 616 1100 670 prixati
1127 615 1267 656 damni
1297 615 1555 669 reparatione
1590 613 1740 656 discer-

107 691 230 742 nitur,
268 702 306 730 v.
328 703 386 744 gr.
425 690 463 730 in
499 689 800 742 reparationem
836 682 1034 730 scandali,
1074 687 1406 727 retractationem
1442 683 1636 737 haeresis,
1668 697 1738 740 pe-

109 759 288 802 tendam.
339 759 447 801 lnter
497 757 595 799 llaec
646 759 721 799 tria
770 756 947 798 notanda
984 760 1041 797 est
1077 755 1325 806 dill'erentia,
1369 754 1475 810 quod
1517 756 1662 796 «actio
1698 756 1735 795 in

107 830 251 872 ordine
285 830 334 872 ad
362 840 534 884 poenam
565 827 830 882 infligendam
861 825 921 867 xel
949 825 1242 867 declarandam
1271 824 1379 880 (can.
1409 824 1532 872 1552,
1558 824 1584 880 ‘g'
1609 824 1647 871 Q,
1673 823 1737 879 2⁰)

108 902 176 943 uni
213 901 435 956 promotori
474 900 665 942 iustiliae.
701 899 849 939 ceteris
882 895 1076 938 omnibus
1109 896 1302 947 exclusis,
1324 900 1562 938 reserxalur
1584 909 1606 934 )>
1629 894 1737 950 (can.

112 969 256 1028 1934),
303 970 401 1013 dum
442 970 534 1012 «ad
570 969 893 1011 satisfactionem
947 967 1212 1023 petendam»
1262 968 1368 1008 actio
1417 965 1560 1008 nullibi
1607 978 1737 1007 reser-

110 1047 251 1093 vatur;

225 1111 273 1155 2⁰
308 1111 426 1155 Aetio
461 1111 583 1154 idest:
625 1126 642 1149 (t
671 1113 731 1152 ius
782 1109 1054 1165 persequendi
1094 1111 1130 1150 in
1168 1108 1319 1150 iudicio
1368 1107 1475 1162 quod
1527 1106 1643 1148 nobis
1676 1106 1737 1147 de

111 1182 229 1227 betur
283 1182 344 1226 vel
396 1188 579 1225 nostrum
631 1186 688 1223 est
715 1182 789 1229 »,¹
829 1179 1085 1235 proimleque
1138 1184 1310 1221 vocatur
1348 1177 1485 1222 cin—ilis
1533 1191 1626 1220 euni
1662 1176 1739 1219 hoe

110 1257 248 1296 taxato
283 1254 362 1295 line
397 1251 453 1294 ad
487 1250 730 1309 reparanda
782 1263 853 1305 per
900 1249 1209 1304 delinquentem
1267 1247 1327 1289 xel
1378 1250 1500 1289 etiam
1551 1258 1739 1297 conreos,

110 1325 242 1380 prouti
278 1323 454 1366 debetur
485 1336 533 1365 ex
565 1321 741 1364 naturali
778 1322 943 1366 iustitia,
971 1319 1125 1361 (lamna
1162 1332 1231 1374 per
1266 1318 1462 1360 delictum
1486 1317 1651 1360 inducta
1675 1315 1737 1359 vel

109 1407 158 1437 ex
194 1394 339 1437 eodem
376 1394 636 1450 profluentia,
671 1391 746 1434 sub
780 1392 1016 1434 conditione
1051 1392 1197 1445 igitur:
1233 1389 1269 1431 si
1303 1389 1382 1431 eui.
1419 1400 1617 1444 personae
1643 1387 1739 1443 phy-

109 1467 218 1508 sicae
254 1464 317 1507 vel
353 1464 496 1506 morali
531 1463 728 1506 delictum
767 1476 862 1509 vere
896 1465 1228 1504 consummatum
1263 1459 1458 1501 (lunulam
1493 1472 1585 1501 cum
1608 1458 1738 1501 deliri<

109 1538 274 1592 quentis
305 1535 532 1578 alteriusve
559 1534 687 1586 lucro,
711 1535 800 1576 sive
824 1533 980 1589 absque
1007 1531 1087 1574 ullo
1111 1534 1411 1587 cuiuscumque
1446 1529 1738 1578 emolumento,

109 1611 195 1649 tum
232 1611 398 1662 propter
426 1610 686 1661 emergentes
722 1605 814 1647 iude
849 1617 1051 1659 expensas
1079 1602 1140 1645 rel
1167 1604 1436 1644 cessationem
1465 1601 1629 1653 laboris,
1654 1605 1738 1642 tunt

110 1677 424 1721 accidentaliter
456 1690 578 1720 causa
615 1676 752 1718 delicti
791 1678 910 1731 passi,
948 1673 1155 1716 intulerit.

143 1792 151 1798 ,
228 1748 288 1790 Ad
311 1747 456 1790 horum
477 1747 723 1789 damnorum
746 1746 1068 1789 declarationem
1091 1744 1265 1787 libenter
1283 1744 1504 1786 all‘eremus
1522 1746 1740 1799 sequentes

110 1817 361 1871 Decrelales,
395 1830 501 1874 quae
537 1830 620 1859 rem
659 1819 760 1858 mire
788 1815 1004 1858 illustrant.
1041 1817 1098 1857 stt
1122 1815 1172 1856 de
1197 1815 1349 1856 damno
1376 1813 1578 1856 lucralixo
1603 1826 1690 1868 cap.
1717 1813 1739 1853 6

114 1905 133 1930 (ι
160 1889 215 1932 De
235 1888 458 1931 homicidio
481 1888 712 1930 voluntario
741 1887 802 1930 rel
829 1887 982 1929 casuali
1008 1902 1025 1925 >)
1052 1884 1116 1942 (Υ,
1143 1885 1211 1941 ll)
1236 1884 1280 1926 X.
1326 1885 1488 1926 dicente
1515 1884 1629 1926 Alex.
1668 1882 1738 1924 lll:

114 1977 135 2002 «
159 1960 237 2003 Eos
271 1963 453 2016 insuper.
489 1961 555 2015 qui
582 1959 778 2001 dicuntur
798 1958 906 1999 illius
926 1960 1054 1999 sancti
1079 1959 1153 1998 viri
1174 1955 1375 2012 (Tliomae
1399 1954 1741 2009 (Iantuariensis),

109 2037 146 2075 el
181 2044 350 2074 suorum
404 2036 489 2087 post
543 2035 714 2072 mortem
766 2032 855 2072 eius
903 2028 1033 2085 spolia
1069 2040 1317 2082 occupasse:
1353 2029 1384 2068 si
1422 2025 1519 2068 niliil
1555 2025 1664 2068 aliud
1703 2027 1739 2066 in

109 2107 220 2146 lanto
255 2103 437 2146 facinore
471 2104 784 2151 commiserunt,
819 2114 838 2142 a
876 2113 1006 2155 poena
1054 2103 1197 2141 mortis
1233 2100 1321 2141 eius
1365 2096 1619 2140 arbitramur
1652 2109 1740 2138 esse

111 2177 331 2225 immunes,
365 2173 435 2215 sed
471 2185 577 2229 quae
612 2176 884 2227 occuparunt,
919 2173 990 2223 eis,
1034 2183 1212 2227 quorum
1260 2171 1438 2212 luerunt.
1475 2173 1666 2210 tenentur
1703 2169 1738 2208 in

111 2247 316 2302 integrum
355 2246 582 2296 restituere,
616 2245 646 2285 si
685 2242 835 2285 liabent
870 2256 906 2284 in
943 2240 1220 2289 facultatibus,
1256 2240 1364 2283 unde
1400 2242 1550 2295 possint
1577 2252 1621 2281 ea
1650 2239 1737 2280 red-

110 2316 231 2360 dere:
267 2320 305 2358 et
341 2317 438 2370 ipsis
471 2328 519 2357 ex
558 2313 633 2356 lioc
670 2313 881 2355 moderata
932 2317 991 2355 est
1028 2313 1275 2367 poenitentia
1320 2310 1597 2365 iniungenda:
1644 2311 1740 2365 quia

112 2386 205 2429 licet
238 2385 440 2442 quaedam
477 2398 525 2427 ex
563 2383 637 2431 liis,
673 2396 777 2439 quae
812 2386 1138 2439 occtqiarerunt.
1175 2383 1379 2424 fateantur
1412 2394 1454 2423 se
1491 2378 1741 2436 pauperibus

111 2444 319 2513 erogasse,
368 2469 446 2498 non
498 2459 633 2497 tamen
683 2453 816 2496 aliena
865 2453 977 2507 (cuin
1029 2454 1112 2508 ipsa
1171 2453 1395 2507 potuissent
1446 2452 1517 2501 eis,
1564 2462 1738 2504 quorum

112 2529 276 2571 luerint.
313 2524 547 2581 restituere)
583 2524 815 2567 debuerunt
853 2523 1105 2579 pauperibus
1138 2534 1376 2577 erogare».

230 2598 287 2641 De
320 2597 406 2639 solo
439 2597 591 2639 damno
627 2595 738 2638 illato
771 2595 976 2637 sufficiant
1012 2607 1101 2649 cap.
1139 2594 1161 2633 6
1202 2592 1291 2634 «de
1326 2594 1486 2634 iniuriis
1519 2596 1556 2633 et
1590 2591 1741 2633 damno

111 2669 206 2713 dato
232 2685 251 2709 ))
291 2667 357 2725 (V,
390 2667 464 2724 36)
499 2666 556 2710 X:
597 2682 618 2706 <‹
641 2668 680 2708 Si
716 2668 808 2723 quis
840 2665 1009 2707 domum
1049 2663 1111 2706 vel
1147 2675 1285 2705 aream
1322 2664 1566 2718 cuiusquam
1604 2663 1739 2703 ineen-

111 2740 226 2783 deret
264 2738 517 2781 voluntarie:
553 2736 712 2779 sublata
748 2741 785 2779 et
822 2738 986 2779 incensa
1021 2737 1156 2777 omnia
1194 2735 1395 2786 restituat,
1429 2736 1467 2775 et
1500 2737 1582 2774 tres
1615 2744 1742 2774 annos

113 2892 146 2935 Q
187 2847 241 2926 IV¹
270 2845 312 2925 1}
353 2843 490 2878 Noval.
533 2843 678 2877 Comm.
718 2841 812 2876 Cod.
854 2841 883 2874 Ι.
928 2840 968 2874 C.
1011 2839 1096 2873 Lib.
1138 2839 1190 2872 JV
1229 2839 1286 2872 De
1314 2837 1573 2882 processibus,
1603 2848 1640 2869 n.
1671 2836 1740 2870 293
