1981 3182
530 119 613 153 Trr.
634 119 738 154 XIV.
758 139 770 144 -
790 119 846 154 De
864 120 1014 154 delictis
1031 123 1168 154 contra
1186 123 1309 154 vitam
1327 123 1394 155 etc.
1705 122 1773 156 247

141 243 260 273 cantes
279 236 330 272 vel
350 237 463 282 ipsum
488 241 708 282 acceptantes
728 236 779 272 vel
798 247 918 282 quam-

142 285 225 320 libet
258 294 398 330 operam
424 288 485 319 aut
513 284 662 319 favorem
702 283 918 330 praebentes,

144 342 208 367 nec
222 341 292 366 non
306 331 347 366 de
363 331 536 366 industria
549 336 748 376 spectantes
767 330 922 376 illudque

144 378 384 425 permittentes
411 378 462 413 vel
488 383 660 424 quantum
695 379 730 412 in
764 378 847 424 ipsis
872 381 923 413 est

147 437 215 461 non
261 425 490 471 prohibentes
530 424 769 471 cuiuscunque
810 425 922 469 digni-

145 473 226 508 tatis
243 474 321 513 sint,
341 472 489 507 subsunt
515 473 590 518 ipso
618 473 706 508 sacto
731 472 924 508 exeommu-

146 519 312 555 nicationi
352 518 432 555 Sedi
467 519 682 565 Apostolicae
720 519 924 565 simpliciter

145 570 349 603 reservatae.

193 617 213 656 ξ
231 614 263 648 2.
287 613 350 660 lpsi
372 624 450 649 vero
467 613 662 649 duellantes
679 614 784 658 etqui
803 624 922 648 eorum

147 661 273 708 patrini
314 665 494 701 vocantur,
522 665 604 695 sunt
643 665 818 706 praeterea
849 661 924 706 ipso

149 710 236 744 t'acto
261 708 423 743 infames.

193 755 277 791 CAN.
303 754 407 790 2352.
430 775 447 780 -
477 754 842 789 Excommunicationc
869 765 923 789 ne-

147 802 233 837 mini
272 806 444 837 reservata
483 801 556 847 ipso
595 801 683 836 facto
727 801 924 847 plectuntur

145 860 278 890 omnes,
296 848 451 895 qualibet
469 850 572 884 etiam
593 848 762 893 dignitate
790 848 923 893 fulgen-

146 901 209 937 tes,
226 896 283 943 qui
300 906 438 942 quoquo
459 896 558 930 modo
576 900 701 940 cogant
719 896 791 931 sive
811 896 922 930 virum

144 944 187 979 ad
225 948 353 979 statum
392 943 586 978 clericalem
624 943 920 988 amplectendum,

144 991 216 1026 sive
241 991 355 1025 virum
381 995 441 1026 aut
459 990 638 1025 mulierem
658 990 700 1024 ad
720 990 922 1035 religionem

144 1038 408 1083 ingrediendam
437 1037 487 1072 vel
514 1037 556 1072 ad
586 1037 813 1072 emittendam
845 1038 923 1073 reli-

142 1085 275 1131 giosam
327 1084 575 1131 professionem
619 1089 687 1119 tam
731 1085 921 1120 solemnem

144 1143 249 1178 quam
276 1131 569 1178 simplicem‚tam
590 1136 789 1178 perpetuam
818 1143 922 1177 quam

143 1184 211 1215 tem
218 1178 402 1225 porariam.

191 1225 274 1262 cm.
301 1224 407 1261 2353.
430 1247 446 1251 -
464 1224 534 1269 Qui
555 1226 683 1261 intuitu
708 1227 922 1262 matrimonii

144 1274 194 1309 vel
221 1273 412 1320 explendae
439 1272 596 1308 libidinis
621 1284 744 1309 causae
771 1274 922 1320 rapuerit

143 1320 323 1357 mulierem
344 1320 521 1356 nolentem
541 1320 572 1354 vi
590 1325 651 1356 aut
668 1321 758 1361 dolo,
781 1322 830 1356 vel
853 1333 924 1356 mu-

142 1368 261 1404 lierem
300 1368 446 1403 minoris
486 1368 609 1403 aetatis
645 1369 921 1408 consentientem

143 1415 297 1461 quidem,
315 1415 372 1451 sed
393 1414 513 1450 insciis
532 1415 583 1450 vel
602 1416 923 1452 contradicentibus

145 1462 347 1509 parentibus
372 1467 431 1498 aut
458 1462 641 1504 tutoribus,
668 1463 741 1508 ipso
769 1463 841 1499 iure
867 1475 922 1499 ex-

142 1509 260 1545 clusus
287 1509 455 1545 habeatur
472 1510 516 1544 ab
533 1509 670 1545 actibus
688 1510 851 1555 legitimis
866 1522 922 1548 ec-

144 1556 345 1592 clesiasticis
372 1561 405 1592 et
432 1557 573 1603 insuper
604 1557 683 1592 aliis
716 1559 836 1604 poenis
864 1569 923 1604 pro

143 1604 310 1649 gravitate
335 1604 458 1650 culpae
485 1604 663 1650 plectatur.

191 1650 272 1687 Cin.
301 1649 404 1686 2354.
435 1672 453 1677 -
481 1655 500 1694 ἓ
528 1650 558 1686 l.
587 1651 708 1687 Laicus
734 1652 790 1698 qui
821 1652 921 1687 fuerit

143 1697 296 1743 legitime
329 1698 517 1734 damnatus
542 1698 585 1734 ob
611 1699 775 1735 delictum
812 1700 920 1735 homi-

141 1745 236 1787 cidii,
280 1751 399 1791 raptus
450 1745 669 1792 impuberum
721 1747 923 1782 alterutrius

142 1803 252 1834 sexus,
268 1792 479 1829 venditionis
496 1793 650 1828 bominis
665 1795 698 1828 in
719 1795 920 1830 servitutem

678 1944 720 1950 —
747 1935 826 1970 erga
856 1926 960 1961 fetum
990 1926 1039 1961 vel
1067 1926 1197 1973 seipsos

416 1991 457 1996 —
487 1971 592 2006 vitam
616 1993 671 2004 ——i

993 236 1042 271 vel
1069 236 1177 271 alium
1207 237 1336 273 malum
1365 238 1484 280 finem,
1515 249 1651 279 usurae,
1680 240 1771 285 rapi·

994 294 1072 320 nae.
1096 284 1174 318 furti
1196 284 1385 330 qualificati
1415 286 1463 320 vel
1493 296 1561 320 non
1582 285 1771 331 qualificati

998 330 1032 364 in
1061 341 1095 365 re
1123 331 1221 367 valde
1247 332 1404 373 notabili,
1425 332 1575 368 incendii
1599 333 1647 368 vel
1677 333 1776 368 mali·

997 377 1105 412 tiosae
1130 389 1168 413 ac
1197 379 1293 414 valde
1320 379 1484 415 notabilis
1513 391 1628 415 rerum
1648 380 1776 415 destru-

997 424 1135 464 ctionis,
1152 426 1267 469 gravis
1287 426 1517 461 mutilationis
1537 427 1587 462 vel
1616 427 1772 463 vulnera-

997 471 1102 506 tionis
1130 473 1179 507 vel
1208 473 1405 514 violentiae,
1432 474 1505 520 ipso
1524 474 1597 509 iure
1615 474 1774 510 exclusus

999 518 1165 553 habeatur
1191 520 1234 554 ab
1260 520 1396 555 actibus
1423 520 1586 565 legitimis
1615 522 1774 557 ecclesia-

997 565 1092 600 sticis
1118 571 1150 601 et
1175 579 1195 601 a
1221 567 1374 612 quolibet
1402 579 1555 609 munere,
1574 568 1711 614 siquod
1740 569 1774 603 in

998 611 1147 648 Ecclesia
1176 614 1310 655 habeat,
1339 615 1437 650 firmo
1462 625 1566 650 onere
1592 616 1775 661 reparandi

996 659 1138 695 damna.

1044 711 1063 749 ἓ
1090 707 1122 744 2.
1149 707 1302 743 Clericus
1330 720 1408 744 vcro
1434 709 1491 754 qui
1524 709 1663 755 aliquod
1691 710 1775 745 deli-

997 758 1090 788 ctum
1126 756 1337 791 commiserit
1364 756 1406 791 de
1432 756 1559 801 quibus
1586 758 1621 790 in
1649 761 1668 798 ξ
1700 757 1728 800 1,
1757 769 1777 792 a

997 801 1164 837 tribunali
1192 803 1424 838 ecclesiastico
1453 803 1631 849 puniatur,
1654 815 1712 849 pro
1731 804 1779 839 di·

999 859 1094 884 versa
1113 854 1228 885 reatus
1246 851 1427 894 gravitate,
1451 850 1685 896 poenitentiis,
1702 862 1778 886 cen-

997 896 1098 936 suris.
1127 896 1319 942 privatione
1345 897 1445 931 officii
1472 908 1513 932 ac
1540 898 1710 939 beneficii,
1729 898 1777 934 di-

996 944 1152 988 gnitatis.
1183 949 1228 985 et,
1257 945 1283 978 si
1312 956 1365 980 res
1394 945 1491 985 t'erat,
1512 945 1616 980 etiam
1643 945 1776 991 deposi-

998 991 1114 1033 tione;
1153 1002 1231 1027 reus
1267 1003 1345 1027 vero
1380 992 1557 1027 homicidii
1594 992 1777 1038 culpabilis

996 1038 1215 1082 degradetur.

1046 1086 1130 1120 (IAN.
1160 1084 1265 1121 2355.
1297 1107 1312 1111 —
1345 1086 1379 1121 Si
1414 1086 1492 1132 quis
1527 1097 1596 1121 non
1632 1097 1680 1131 re,
1718 1087 1776 1122 sed

999 1134 1111 1168 verbis
1139 1133 1190 1168 vel
1216 1133 1355 1179 scriptis
1388 1134 1438 1169 vel
1472 1134 1542 1169 alia
1577 1133 1699 1179 quavis
1725 1145 1778 1169 ra-

998 1180 1090 1217 tione
1118 1180 1282 1216 iniuriam
1310 1180 1473 1227 cuiquam
1499 1181 1700 1224 irrogaverit
1727 1181 1777 1216 vel

996 1228 1070 1263 eius
1097 1227 1223 1263 bonam
1254 1229 1381 1263 famam
1409 1228 1554 1268 laeserit,
1576 1239 1644 1263 non
1665 1228 1776 1263 solum

999 1279 1106 1321 potest
1125 1275 1166 1310 ad
1188 1286 1345 1310 normam
1365 1286 1443 1310 can.
1471 1274 1569 1310 1618.
1599 1274 1684 1310 1938
1703 1275 1775 1321 cogi

996 1323 1038 1357 ad
1058 1322 1211 1358 debitam
1230 1323 1502 1358 satisfactionem
1532 1323 1776 1369 praestandam

996 1370 1195 1415 damnaque
1210 1370 1415 1416 reparanda,
1429 1373 1487 1405 sed
1510 1375 1684 1416 praeterea
1701 1381 1777 1406 con-

996 1417 1092 1463 gruis
1120 1417 1238 1462 poenis
1255 1429 1294 1452 ac
1315 1418 1535 1462 poenitentiis
1555 1417 1685 1464 puniri,
1706 1429 1776 1452 non

996 1465 1148 1505 exclusa,
1177 1464 1203 1498 si
1232 1464 1273 1499 de
1299 1465 1433 1501 clericis
1470 1470 1593 1510 agatur
1618 1470 1651 1500 et
1677 1476 1777 1500 casus

999 1512 1095 1553 ferat,
1119 1512 1346 1557 suspensione
1372 1518 1432 1548 aut
1458 1513 1647 1548 remotione
1664 1512 1709 1547 ab
1727 1513 1776 1547 of-

998 1560 1073 1594 ficio
1099 1564 1132 1594 et
1158 1559 1337 1613 beneficio.

995 1658 1109 1689 stante
1143 1654 1315 1698 coniugali
1353 1654 1501 1694 vinculo,
1532 1654 1625 1690 aliud
1663 1654 1778 1689 matri-

998 1701 1166 1742 monium,
1194 1701 1254 1735 etsi
1285 1706 1421 1736 tantum
1449 1702 1560 1743 civile,
1591 1707 1627 1737 ut
1661 1701 1773 1744 aiunt,

995 1748 1258 1789 attentaverint,
1278 1754 1360 1783 sunt
1387 1749 1461 1795 ipso
1489 1750 1576 1784 facto
1604 1749 1773 1793 infames3

995 1801 1027 1831 et
1061 1796 1102 1830 si.
1132 1801 1244 1841 spreta
1285 1795 1462 1831 Ordinarii
1504 1796 1708 1838 monitione,
1739 1798 1775 1832 in

1566 1926 1652 1963 Can.
1683 1926 1774 1963 2350

677 2040 718 2044 —
746 2020 779 2054 in
809 2020 924 2055 duello
1613 2037 1627 2054 »
1682 2021 1767 2057 *2351

144 2064 280 2100 Titulus
309 2063 396 2100 xiv.

169 2112 214 2148 De
240 2112 376 2148 delictis
417 2133 459 2194 —t
498 2112 635 2148 liberta-
675 2135 718 2139 —
745 2115 780 2149 in
801 2119 891 2150 statu
909 2115 1059 2151 clericali
1078 2116 1127 2151 vcl
1149 2115 1307 2161 religioso
1321 2117 1561 2162 amplectendo
1613 2131 1628 2149 »
1683 2115 1774 2152 2352

453 2170 506 2195 em
616 2174 669 2186 —‘

213 2211 333 2242 contra
356 2226 411 2248 —;
677 2229 716 2233 —
747 2209 873 2243 intuitu
905 2210 1117 2245 matrimonii
1148 2210 1197 2245 vel
1225 2210 1414 2256 explendae
1446 2211 1560 2245 libidi-

410 2251 411 2316 ἢ
696 2258 751 2290 nis
777 2267 881 2291 causa
1681 2258 1770 2294 2353

409 2326 457 2465 1-
486 2348 729 2394 proprietatem
756 2355 815 2384 aut
843 2350 948 2385 vitam
979 2351 1029 2386 vel
1058 2351 1250 2387 libertatem
1612 2368 1626 2385 »
1681 2352 1771 2389 2354

417 2463 458 2467 —
487 2442 613 2478 bonam
644 2443 770 2478 famam
800 2465 841 2469 —
870 2445 984 2480 verbis
1012 2445 1061 2480 vel
1088 2446 1228 2491 scriptis
1255 2446 1305 2481 vel
1337 2446 1405 2481 alia
1436 2447 1560 2492 quavis

826 2493 973 2533 ratione,
1004 2503 1071 2527 non
1100 2504 1135 2527 re
1610 2509 1625 2527 »
1679 2494 1770 2530 2355

426 2595 467 2619 ac
494 2584 602 2620 bonos
642 2605 682 2609 ——
713 2596 771 2632 per
797 2585 984 2631 bigamiam
1013 2598 1117 2622 sensu
1144 2588 1262 2622 stricto
1611 2603 1624 2621 »
1679 2588 1768 2624 0235ss

453 2642 623 2667 mores—
904 2663 906 2665 ,

636 2674 684 2704 ³——
701 2680 940 2726 multipliciter
954 2686 1074 2716 contra
1100 2702 1144 2706 —
1173 2693 1231 2727 per
1257 2682 1361 2717 laicos
1609 2697 1623 2715 ι)
1678 2682 1767 2718 2357

654 2732 786 2762 sextum
797 2728 948 2773 decalogi
963 2740 1073 2774 praec.

659 2775 801 2820 patratis
1043 2785 1144 2801 —¹—
1171 2777 1265 2813 acle-
1291 2798 1333 2803 —-
1362 2778 1555 2814 minoribus
1607 2792 1621 2809 »
1676 2776 1768 2812 2358

1124 2825 1204 2859 ricis
1233 2826 1287 2881 -Ι
1362 2873 1367 2878 Ι
1503 2873 1508 2878 ·
1736 2871 1742 2877 ⁶

1290 2893 1333 2898 —
1362 2884 1395 2907 ln
1423 2883 1529 2908 sacris
1608 2886 1623 2905 »
1677 2870 1768 2907 2359
