1981 3182
131 162 224 198 Can.
251 161 456 196 2409-2410
505 161 589 194 Tm.
619 160 730 194 XIX.
760 181 772 186 -
799 161 856 195 De
880 162 1005 195 abusu
1025 163 1107 205 pot.
1132 161 1186 194 vel
1213 159 1276 202 off.
1298 160 1381 194 eccl.
1690 159 1760 193 319

137 283 339 325 «ratione
374 281 562 325 beneficii
612 285 681 323 aut
713 282 813 323 certi
864 279 1040 322 alicuius
1073 280 1194 322 officii
1219 294 1259 332 »‚
1294 283 1414 334 prout
1446 292 1492 321 eo
1530 280 1566 320 111
1602 290 1759 321 canone

131 351 387 395 declaratum
422 356 494 403 est,
528 353 586 394 sic
619 350 866 406 delinquens
899 349 988 406 ipso
1022 348 1135 406 facto
1169 349 1423 393 concedendi
1460 350 1661 405 praelatas
1695 348 1760 391 lit-

132 427 240 465 teras
272 421 457 464 subiacet
489 420 765 479 suspensioni
790 434 814 462 a
847 419 1017 462 dn'mssm's.
1050 419 1242 463 Scilicet:
1267 431 1374 476 quae
1411 435 1434 459 c(
1458 423 1567 462 vetat
1592 432 1757 461 omnem

131 497 267 536 actum
304 494 514 549 potestatis
547 491 703 534 ordinis
736 503 862 547 quam
895 492 987 547 quis
1019 492 1108 532 sive
1143 502 1216 546 per
1258 502 1419 532 sacram
1453 489 1757 532 ordinationem

130 565 219 607 sive
254 577 327 619 per
359 563 623 619 privilegium
659 561 875 605 obtinet».
911 559 1025 617 (Can.
1062 560 1190 613 2279,
1222 560 1250 618 ἓ
1284 561 1321 611 ⁵2,
1358 559 1433 616 20).

250 633 348 676 ⁶256.
398 636 582 680 Contra
628 633 919 689 Superiores
971 633 1223 687 illegitime
1275 633 1578 676 remittentes
1631 632 1759 676 ordi-

131 707 339 750 nandos.
372 729 429 735 —
462 704 503 746 ln
539 703 683 746 eadem
720 704 890 745 materia
928 706 1117 744 versatur
1149 714 1326 757 sequens
1350 715 1440 742 ean.
1471 702 1603 744 2410.
1630 700 1756 757 Supe-

129 774 266 818 riores
300 774 492 831 reliyiosi
524 776 716 823 maioreS,
749 774 823 816 etsi
857 770 1250 827 Congregationum,
1299 771 1369 814 sed
1420 773 1611 827 exempti,
1661 773 1756 826 quia

130 845 193 888 his
225 848 421 901 competit
455 846 504 888 ad
540 856 724 887 normam
760 856 849 886 can.
876 842 973 895 964,
1000 841 1042 884 20
1067 847 1105 884 et
1131 840 1173 883 30
1199 841 1355 884 litteras
1388 842 1642 884 dimissorias
1674 843 1758 884 suis

129 915 305 960 subditis
338 916 591 968 concedet-eg
629 917 709 956 imo
742 913 809 957 alii
844 913 1087 969 Superiores
1120 914 1187 969 qui
1223 911 1459 955 huiusmodi
1491 911 1756 967 privilegium

129 987 397 1031 obtinuerunt
439 1000 533 1030 cum
581 985 786 1029 servanda
821 998 869 1027 ex
907 987 993 1027 iure
1044 984 1287 1026 limitatione
1321 989 1427 1026 3311.ξι
1449 983 1530 1026 cit.¹
1556 983 1613 1030 40,
1634 987 1756 1039 atque

128 1072 259 1102 canon
293 1058 523 1115 applicatur
561 1055 865 1099 «societatibus
898 1054 1159 1098 clericalibus
1197 1056 1284 1097 sine
1322 1056 1439 1107 votis,
1463 1058 1666 1111 quatenus
1699 1066 1758 1096 so-

129 1131 255 1172 cietas
290 1128 508 1185 privilegio
541 1128 718 1184 gaudeat
768 1127 1024 1169 dimissorias
1061 1125 1315 1168 concedendi
1366 1124 1415 1167 ad
1465 1124 1631 1167 ordines
1673 1125 1758 1166 suis

128 1198 304 1242 subditis
328 1214 346 1239 »
372 1198 409 1253 ¹3
435 1212 533 1254 ergo
557 1197 706 1253 singuli
732 1210 890 1240 eorum.
915 1195 986 1253 qui
1020 1201 1165 1238 contra
1188 1194 1499 1252 praesmiptum
1529 1208 1619 1238 ean.
1643 1196 1756 1236 965-

127 1272 236 1326 967,
279 1270 464 1314 scilicet:
500 1274 615 1312 extra
651 1270 835 1325 quinque
870 1280 989 1309 casus
1024 1268 1249 1309 recensitos
1281 1265 1357 1308 sub
1401 1278 1490 1309 can.
1526 1266 1623 1317 966,
1657 1266 1683 1319 ξ
1721 1266 1756 1318 1,

133 1346 246 1384 «aut
279 1342 588 1385 concessionem
638 1339 868 1382 litterarum
915 1337 1259 1380 dimissoriarium
1311 1337 1360 1379 de
1396 1336 1594 1378 industria
1643 1337 1679 1377 iu
1717 1335 1753 1377 id

129 1416 291 1468 tempus
323 1411 512 1454 ditlerant
536 1426 557 1451 ))
597 1409 841 1461 (dummodo
876 1409 912 1451 id
949 1412 1119 1451 externe
1162 1407 1305 1449 saltem
1341 1420 1390 1449 ex
1436 1408 1757 1449 circumstantiis

131 1482 335 1538 pandatur
368 1487 407 1525 et
440 1485 497 1524 sic
531 1481 727 1525 delictum
762 1479 1001 1536 constituat)
1040 1492 1166 1536 «quo
1190 1478 1418 1533 Episcopus
1444 1476 1506 1520 vel
1541 1476 1757 1520 abfuturus

131 1553 194 1596 vel
229 1552 363 1596 nullas
398 1552 613 1595 habiturus
645 1554 694 1594 sit
719 1551 1064 1603 ordinationes»,
1097 1550 1138 1604 3)
1162 1548 1347 1591 sabditos
1381 1561 1476 1590 snos
1502 1546 1543 1604 b)
1578 1545 1632 1589 ad
1654 1545 1754 1604 Epi-

127 1637 295 1681 scopum
327 1623 527 1676 aliemzm,
546 1623 730 1666 scilicet:
758 1622 865 1679 (can.
888 1621 990 1677 965)
1029 1621 1283 1667 «dioecesis,
1306 1622 1342 1661 111
1378 1631 1457 1676 (1113
1482 1632 1560 1661 non
1596 1620 1670 1660 sita
1697 1622 1756 1660 est

126 1695 275 1739 domus
309 1694 513 1750 religiosa,
549 1694 597 1736 ad
634 1696 752 1736 cuius
771 1692 969 1735 familiam
996 1693 1169 1748 pertinet
1194 1690 1512 1741 ordinandus»,
1547 1689 1655 1732 unde
1680 1689 1756 1732 boc

128 1767 371 1823 requisitum
406 1765 534 1813 deest,
565 1764 730 1821 (plaudo
769 1780 790 1804 α
813 1765 1057 1819 Superiores
1082 1761 1261 1817 religiosi
1289 1764 1325 1803 in
1353 1761 1539 1803 fraudem
1565 1759 1755 1816 Episcopi

125 1836 405 1880 dioecesani»
446 1835 511 1879 ubi
547 1840 633 1878 erat
668 1837 794 1891 prius,
833 1833 1088 1876 «subditum
1124 1832 1399 1875 ordinandum
1435 1831 1484 1874 ad
1520 1830 1640 1874 3113111
1663 1830 1755 1873 1311-

126 1909 283 1962 giosam
316 1906 485 1949 domum
523 1908 723 1948 mittant»
764 1907 946 1961 praevie,
982 1909 1022 1947 ut
1057 1906 1093 1945 111
1123 1905 1294 1946 13111313
1317 1902 1365 1945 ad
1402 1901 1523 1944 buius
1557 1900 1755 1944 familiam

127 1979 329 2034 pertineat
363 1982 587 2034 posteaque
621 1976 849 2029 ordinetur,
885 1978 1077 2032 (1113111113
1112 1978 1281 2031 peccent
1315 1978 1457 2016 contra
1481 1984 1571 2016 can.
1607 1972 1688 2014 967
1710 1972 1753 2025 '23

125 2048 196 2091 sed
231 2047 280 2090 ad
316 2048 610 2091 incurrendam
645 2046 968 2103 subsequentem
1004 2058 1193 2101 poenam,
1217 2057 1385 2087 necesse
1419 2050 1493 2095 est,
1530 2041 1756 2085 utduabus

126 2131 220 2162 cum
255 2118 670 2162 determinationibus
705 2118 744 2173 a)
778 2123 815 2160 et
852 2117 893 2173 b)
928 2114 1189 2159 ordinandos
1222 2114 1261 2171 c)
1303 2113 1530 2165 remittere,
1563 2114 1757 2170 (1113111115

126 2189 396 2233 ordinationis
429 2189 619 2232 eflectum
654 2202 732 2231 non
768 2192 1091 2245 consequantur,
1114 2183 1552 2244 d)praesumpserint,
1572 2196 1671 2239 ergo
1704 2182 1754 2225 ad

125 2272 312 2304 normam
348 2272 439 2304 cau.
474 2260 602 2314 2229,
635 2263 660 2313 ἓ
695 2261 732 2313 2,
769 2264 936 2316 propter
969 2258 1221 2314 explicatum
1271 2256 1466 2299 delictum
1515 2255 1603 2312 ipso
1642 2253 1755 2310 facto

125 2331 318 2388 suspensi
349 2336 539 2388 simtper
563 2344 756 2384 mensem,
780 2342 909 2387 poena
929 2332 1054 2385 igitur
1081 2328 1333 2371 vindicativa
1358 2339 1447 2369 can.
1475 2326 1599 2379 2286,
1625 2324 1754 2379 2298,

124 2400 183 2456 2⁰,
219 2415 243 2444 α
277 2401 434 2445 Missae
468 2400 748 2444 celebratione
781 2399 1082 2443 tantummodo.

244 2473 340 2517 257.
378 2475 688 2529 Recipientes
722 2474 1035 2517 candidatum
1060 2484 1157 2516 non
1190 2471 1417 2515 idoneum
1442 2469 1519 2513 vel
1553 2469 1658 2513 sine
1681 2468 1752 2512 lit-

123 2545 244 2589 teris
266 2545 697 2589 testimonialibus.
716 2565 769 2572 -
788 2541 963 2585 Easdem
985 2553 1180 2597 personas
1203 2552 1250 2583 ac
1275 2539 1540 2596 praecedens,
1563 2537 1633 2580 sed
1659 2550 1753 2580 eum

242 2672 253 2692 ¹
282 2671 380 2705 Vide
407 2672 638 2705 citationem
665 2670 712 2704 ad
739 2682 826 2715 pag.
855 2670 924 2704 322
952 2671 991 2703 in
1020 2674 1127 2703 nota.

242 2717 256 2739 2
282 2717 374 2753 Can.
400 2719 480 2754 967.
508 2719 684 2753 Caveant
727 2717 955 2762 Superiores
995 2717 1169 2761 religiosi
1209 2727 1257 2749 ne
1284 2716 1324 2749 in
1364 2714 1539 2749 fraudem
1570 2713 1756 2757 Episcopi

124 2763 344 2798 dioecesani
383 2766 589 2799 subditum
628 2764 891 2799 ordinandum
917 2764 964 2798 ad
991 2764 1108 2798 aliam
1135 2763 1360 2809 religiosam
1387 2762 1544 2797 domum
1570 2760 1753 2803 mittant,

123 2815 187 2845 aut
213 2813 505 2846 concessionem
543 2813 768 2846 litterarum
807 2811 1116 2845 dimissoriarum
1155 2811 1200 2844 de
1228 2810 1425 2844 industria
1465 2810 1505 2842 in
1533 2807 1571 2841 id
1598 2812 1754 2851 tempus

122 2857 320 2903 differant,
351 2872 428 2904 quo
456 2859 672 2904 Episcopus
699 2859 762 2894 vel
789 2858 1007 2901 abfuimus,
1038 2859 1100 2893 vel
1128 2859 1258 2892 nullas
1284 2858 1494 2892 habiturus
1526 2855 1575 2889 sit
1603 2854 1756 2889 ordina-

122 2906 265 2940 tiones.
