1981 3182
225 132 292 166 106
688 132 773 166 Lm.
804 132 849 166 V.
878 152 892 157 -
918 133 1028 166 PARS
1054 132 1105 166 ΙΙ.
1135 153 1146 158 -
1172 133 1230 168 De
1249 136 1388 177 poenis
1638 134 1732 170 Gan.
1758 134 1852 170 2248

224 250 498 306 pendendam,
514 264 535 293 n
545 251 667 294 ullam
691 265 859 306 prorsus
872 264 892 293 a
907 254 1109 306 censuris,
1123 257 1161 295 et
1180 255 1322 308 poenis
1339 252 1644 304 ecclesiasticis,
1658 256 1851 309 scienter,

226 321 288 363 vel
325 324 563 377 ignoranter
598 323 787 374 incursis,
820 321 1119 365 absolutionem
1146 323 1334 376 concedi,
1367 336 1500 380 neque
1533 323 1585 368 ab
1619 324 1699 367 illis
1731 323 1848 368 abso·

221 391 322 435 lulio
357 397 569 447 praetextu
597 392 897 436 benedictionis
920 392 1156 436 huiusmodi
1181 399 1398 450 susceptae
1426 395 1640 451 praetendi
1667 397 1791 451 possit
1811 412 1848 439 )).

220 461 306 505 Non
341 467 401 505 est
424 464 713 507 confundenda
737 477 832 506 cum
856 463 933 507 hac
960 464 1119 520 Papalis
1160 464 1407 520 benedictio,
1447 465 1498 508 de
1521 478 1600 522 qua
1626 466 1850 523 loquuntur

218 546 307 577 can.
343 534 439 577 914.
460 535 543 577 9Ιὸ
568 548 662 577 cum
682 534 939 578 absolutione
958 535 1156 591 generali,
1177 541 1261 578 tum
1283 548 1388 592 quae
1414 538 1578 592 incipit:
1607 552 1630 577 «
1647 536 1706 580 Ne
1725 539 1846 580 remi-

218 607 444 658 niscaris»,
487 610 571 648 tum
606 605 682 648 sul)
728 604 818 648 aliis
852 605 1053 651 formulis.
1093 619 1200 663 quae
1234 609 1443 649 continent
1487 606 1788 650 absolutionem
1824 619 1845 650 a

217 677 404 718 censuris
437 675 487 718 ad
522 676 741 719 cautelam.

335 746 438 801 Quia
474 759 675 790 censurae
697 752 790 790 sunt
816 760 971 803 poenae
997 747 1265 790 medicinales
1297 748 1346 790 ad
1373 748 1644 804 frangendam
1681 761 1843 791 reorum

215 821 535 871 contumaciam,
570 821 838 876 consequitur
871 832 920 861 ex
954 818 982 875 ξ’
1008 818 1049 861 1⁰
1083 819 1192 876 quod
1219 819 1464 875 praescribit
1495 818 1523 876 ξ
1553 821 1597 863 2.
1630 818 1845 862 Absolutio

215 902 455 932 «censurae
494 889 717 944 legitima»
755 888 958 945 deneyari
982 889 1090 932 licite
1115 889 1256 947 nequit
1279 889 1535 947 delinquenti
1559 902 1649 933 eam
1675 891 1845 945 petenti,

212 962 324 1003 iuxta
375 960 471 1002 illud
526 960 661 1002 lnnoc.
699 958 742 1002 tv
783 962 819 1002 in
870 959 993 1004 Conc.
1029 959 1320 1016 Lugdunenz¹
1367 960 1517 1004 «Solet
1563 973 1583 1003 a
1635 960 1841 1003 nonnullis

212 1033 248 1073 in
285 1031 457 1074 dubium
495 1033 696 1085 revocari,
737 1044 787 1074 an
822 1044 917 1074 cum
957 1031 1107 1088 aliquis
1152 1045 1223 1087 per
1266 1031 1530 1087 Superiorem
1566 1030 1727 1075 absolvi
1774 1044 1841 1087 pe-

209 1102 333 1145 stulat
367 1102 414 1144 ad
451 1102 673 1155 cautelam,
705 1102 803 1145 dum
840 1103 877 1144 in
912 1115 955 1145 se
980 1102 1102 1145 latam
1129 1104 1573 1145 excommunicationis
1595 1105 1840 1146 sententiam

209 1175 354 1215 asserit
388 1186 477 1215 esse
512 1172 680 1221 nullam,
716 1175 803 1215 sine
837 1173 1178 1216 contradictionis
1211 1172 1423 1216 obstaculo
1449 1187 1598 1216 munus
1632 1176 1667 1216 ei
1693 1173 1839 1218 debeat

208 1243 478 1287 absolutionis
513 1243 770 1300 impendit..
807 1243 847 1286 ln
884 1247 1015 1300 prima
1061 1246 1186 1300 igitur
1229 1244 1487 1287 dubitatione
1519 1247 1578 1288 sic
1621 1247 1840 1288 statuimus

207 1315 533 1369 obserramtum,
568 1320 608 1358 ut
655 1318 806 1372 petenti
847 1315 1050 1358 absolutio
1095 1329 1173 1358 non
1221 1320 1406 1371 negetur,
1451 1318 1645 1373 quamvis
1679 1318 1716 1359 in
1762 1316 1838 1360 hec

205 1389 605 1439 excommunicator,
643 1386 703 1429 vet
739 1387 788 1429 ad
800 1389 1008 1429 vei-sarius
1031 1400 1073 1429 se
1107 1392 1284 1442 opponat
1304 1402 1345 1440 n.
1370 1386 1562 1430 Attamen
1587 1399 1718 1430 canon
1742 1401 1836 1444 sup-

207 1460 317 1513 ponit
351 1471 569 1501 censuram
604 1471 693 1500 esse
717 1463 989 1503 contractam,
1015 1463 1182 1513 propter
1205 1458 1313 1514 quod
1345 1457 1507 1501 subdit:
1543 1458 1835 1516 cumprimum

204 1527 451 1585 delinquens
474 1541 521 1571 ac
555 1533 800 1571 censuratus
834 1542 858 1570 a
893 1528 1156 1571 contumacia
1180 1528 1402 1571 recesserit
1427 1531 1560 1585 prouti
1597 1528 1673 1572 hoc
1706 1530 1836 1585 expli-

204 1605 341 1642 catum
377 1607 435 1642 est
470 1598 526 1641 ad
559 1613 746 1641 normam
782 1613 871 1641 ean.
898 1602 1037 1651 9249,
1071 1601 1098 1656 ξ
1129 1601 1173 1653 3,
1208 1613 1301 1642 nam
1326 1599 1555 1643 secundum
1582 1613 1666 1656 reg.
1693 1602 1835 1644 iuri55

205 1672 241 1712 in
279 1670 347 1714 6⁰:
388 1686 407 1710 «
430 1670 588 1713 l'eccati
628 1673 745 1713 venia
783 1684 860 1713 non
906 1671 1028 1713 datur
1074 1673 1147 1713 nisi
1183 1675 1429 1722 correcto»,
1463 1676 1500 1713 et
1536 1673 1647 1714 iuxta
1689 1685 1773 1728 reg.
1810 1672 1832 1715 4

205 1743 304 1784 iuris
339 1744 375 1784 in
413 1742 480 1783 6⁰:
521 1742 780 1785 «Peccatum
818 1755 895 1784 nen
931 1743 1166 1794 dimittitur,
1202 1744 1276 1784 nisi
1314 1744 1553 1784 restituatur
1590 1742 1831 1786 ablatum».

322 1813 588 1870 Prosequitur
622 1813 853 1869 legislator:
889 1827 913 1855 a
938 1826 1115 1855 censura
1140 1818 1278 1855 aulem
1302 1812 1486 1870 qualibet
1510 1812 1725 1856 absolvens
1748 1817 1834 1872 qui-

200 1897 379 1941 cumque
408 1889 546 1941 poles!
584 1887 619 1926 vi
669 1884 788 1927 liuius
832 1887 1015 1937 canonis,
1054 1884 1091 1926 si
1124 1898 1190 1926 res
1232 1884 1345 1941 serat
1379 1884 1608 1927 secundum
1653 1888 1831 1929 circum-

198 1958 477 2012 stanHasqno
508 1960 681 2012 palralo
715 1954 867 1998 delicte
901 1955 952 1998 ob
975 1956 1083 2012 quod
1119 1968 1292 1998 censura
1319 1954 1420 1998 baec
1449 1956 1581 1998 fuerat
1605 1962 1830 2007 contracta,

199 2039 425 2082 cenyruam
459 2026 592 2068 eidem
629 2026 780 2068 delicto
815 2024 1110 2068 1=1'11‹lz'cc112'm1111
1144 2026 1631 2083 p0e7111711,qtlat](l0lpse
1664 2027 1830 2070 aliunde

198 2096 345 2140 habeat
387 2102 627 2153 potestatem
682 2100 931 2149 coactivam,
977 2096 1037 2139 cel
1076 2096 1379 2154 poenitentiam
1424 2110 1590 2153 semper
1621 2097 1830 2155 inflasti-e,

197 2180 319 2224 quain
356 2168 569 2211 absolutus
601 2181 771 2211 serrare
805 2168 940 2211 debet.

319 2237 502 2294 Denique
535 2241 674 2281 statuit
709 2237 737 2296 ξ
769 2240 809 2282 3.
855 2238 1042 2281 Censura
1075 2238 1231 2293 absque
1266 2251 1407 2281 earum
1441 2239 1718 2291 distinctione,
1750 2254 1829 2297 per

196 2307 499 2351 absolutionem
532 2312 655 2352 etiam
690 2311 738 2352 ad
778 2323 963 2352 normam
989 2322 1080 2353 can.
1102 2309 1272 2363 &2423
1297 2309 1319 2352 3
1358 2309 1419 2353 vel
1445 2310 1619 2353 aliorum
1644 2310 1825 2362 sublata,

198 2382 251 2421 uti
290 2380 430 2435 regula
466 2381 685 2435 generalis.
720 2382 865 2424 eadem
903 2395 981 2424 nen
1008 2381 1219 2423 reviviscit
1253 2380 1437 2438 quolibet
1462 2395 1510 2424 ex
1548 2384 1717 2435 motii-0,
1742 2383 1827 2425 nisi

196 2450 235 2492 in
271 2465 370 2492 ease(
404 2464 482 2507 qne
516 2465 620 2493 onus
653 2465 673 2494 a
711 2454 799 2495 iure
827 2452 888 2495 vet
923 2451 974 2495 ab
997 2452 1240 2495 absolvente
1265 2452 1507 2509 impositum
1539 2455 1726 2508 graviter
1753 2453 1825 2496 sub

191 2534 326 2577 poena
362 2520 669 2563 1·‹11·nei‹lentiae
702 2522 827 2579 (quae
862 2522 1187 2578 subintelligitur
1212 2525 1248 2564 in
1284 2522 1458 2565 eandem
1484 2523 1722 2580 censuram)
1748 2523 1822 2566 im-

191 2591 347 2647 pletum
385 2606 462 2633 mm
498 2592 631 2649 fuerit
664 2594 858 2650 equidem
893 2593 1169 2649 culpabiliter,
1194 2596 1386 2649 quamvis
1409 2593 1623 2636 subeunda
1648 2607 1822 2637 censura

194 2676 270 2704 non
307 2663 586 2719 distinguatur
619 2664 670 2707 ab
703 2678 763 2711 ea,
797 2677 903 2721 quae
939 2666 1011 2707 t'uit
1045 2664 1246 2719 absoluta,
1287 2664 1410 2707 veluti
1435 2666 1466 2707 si
1502 2664 1704 2707 absolutio
1727 2665 1821 2708 data

193 2734 313 2775 fuerit
348 2733 423 2776 sub
459 2734 524 2776 illa
560 2735 795 2777 conditione
833 2738 958 2791 ipsius
993 2735 1229 2778 resolutixa.

307 2888 317 2908 1
346 2886 436 2930 Cap.
467 2888 488 2919 2
522 2902 533 2916 ι
551 2886 596 2920 de
624 2888 827 2921 sententia
854 2888 1324 2921 excommunicationis...
1342 2900 1359 2920 x>
1390 2889 1451 2931 (V,
1481 2890 1539 2923 lli
1566 2888 1606 2921 in
1633 2888 1682 2922 6⁰.
