1981 3182
196 145 265 179 ‘242
568 145 652 178 Liss.
674 145 718 179 V.
741 165 752 170 —
774 145 881 179 PARs
901 146 967 179 111.
992 166 1004 171 -
1023 146 1079 181 De
1092 149 1228 190 poenis
1248 149 1289 180 in
1307 147 1447 181 delicta
1606 146 1699 182 Can.
1725 146 1819 182 2346

198 265 249 308 al)
283 267 343 315 iis,
378 266 427 308 ad
463 278 565 321 quos
599 267 686 307 iure
722 268 937 321 pertinent,
974 268 1276 322 percipiantur3
1313 267 1344 308 is
1377 265 1627 308 anathemati
1666 266 1823 309 tamdiu

198 335 424 389 subiaceat,
460 336 655 392 quanuliu
708 336 1025 388 iurisdictiones,
1062 335 1179 389 bona,
1214 349 1292 389 res,
1328 338 1431 390 iura,
1465 337 1622 379 fructus
1661 341 1700 380 et
1733 337 1823 380 red-

197 407 320 459 ditus,
344 419 446 463 quos
479 408 762 462 occupaverit,
791 406 852 449 vel
888 409 956 463 qui
991 407 1038 450 ad
1075 420 1168 449 eum
1204 408 1607 464 quomodocumque,
1627 410 1748 451 etiam
1773 421 1822 451 ex

197 477 417 519 donatione
455 479 692 532 suppositae
743 489 952 532 personae,
990 479 1266 533 pervenerint,
1302 477 1515 531 ecclesiae,
1550 479 1721 534 eiusque
1752 478 1822 521 ad-

201 549 466 590 ministratori
491 549 580 590 sive
605 547 847 590 beneficiato
873 550 1030 604 integre
1066 550 1311 592 restituerit:
1346 560 1393 591 ac
1427 547 1577 591 deinde
1600 561 1621 591 a
1639 548 1823 592 Romano

202 618 398 661 Pontitice
432 618 732 661 absolutionem
767 618 1074 663 obtinuerit.—
1095 618 1213 673 Quod
1248 620 1280 661 si
1314 619 1498 661 eiusdem
1534 618 1732 662 ecclesiae
1758 632 1824 675 pa·

202 694 344 732 tronus
377 690 512 741 fuerit„
533 691 654 732 etiam
690 691 777 732 iure
812 694 1060 745 patronatus,
1089 690 1192 732 ultra
1219 689 1450 743 praedictas
1484 702 1649 746 poenas,
1669 703 1716 733 eo
1741 692 1827 746 ipso

204 762 390 816 privatus
423 762 584 802 existat.
611 786 662 790 -
697 758 881 804 Clericus
917 774 1026 809 vero,
1062 763 1129 817 qui
1165 760 1366 803 netandae
1401 760 1556 803 fraudis
1588 766 1627 803 et
1661 774 1828 817 usurpa-

204 833 325 873 tionis
360 831 594 874 huiusmodi
645 831 867 874 fabricator
900 844 970 873 seu
1005 833 1264 874 consentiens
1314 832 1449 884 fuerit,
1483 832 1637 874 eisdem
1689 835 1828 888 poenis

205 902 438 952 subiace-312
475 915 631 945 necnon
667 901 999 958 quibuscumque
1035 902 1244 945 beneficiis
1278 904 1465 958 privatus
1487 905 1550 945 sit.
1575 908 1613 945 et
1637 903 1686 946 ad
1711 916 1831 960 quam-

205 986 383 1030 cumque
431 972 508 1015 alia
560 972 758 1015 beneticia
810 972 1001 1015 inhabilis
1049 973 1272 1022 efficiatui·;
1308 979 1345 1016 et
1380 986 1399 1015 a
1434 987 1602 1016 suorum
1637 974 1828 1017 ordinum

205 1034 462 1098 executione,
482 1046 603 1086 etiam
641 1049 727 1099 post
763 1045 964 1099 integram
1000 1044 1319 1086 satisfactionem
1355 1049 1393 1087 et
1426 1043 1742 1099 absolutionem,
1765 1046 1826 1087 sui

204 1112 414 1158 Ordinarii
450 1114 620 1157 arbitrio
652 1114 991 1170 suspendatur».

325 1185 483 1228 Poenae
508 1188 545 1228 in
573 1185 648 1229 lioc
674 1186 845 1228 Decreto
878 1198 1098 1241 expressae
1133 1185 1275 1227 iisdem
1315 1185 1452 1229 verbis
1484 1186 1705 1231 translatae
1737 1193 1832 1231 sunt

207 1259 243 1298 in
271 1261 527 1312 praesentem
553 1269 769 1307 canonem,
803 1259 872 1313 qui
897 1256 1184 1313 delinquentes
1207 1259 1432 1300 summarie
1455 1260 1650 1312 continet,
1684 1258 1754 1301 sed
1780 1272 1829 1302 ex

208 1329 370 1383 propria
405 1329 606 1370 sententia
641 1331 701 1369 est
735 1329 868 1382 potius
900 1326 1181 1369 aestimandus
1214 1326 1262 1369 ad
1300 1339 1486 1369 normam
1522 1340 1611 1372 can.
1647 1329 1684 1383 6,
1715 1329 1772 1371 30.

330 1398 367 1440 ln
403 1403 531 1442 const.
570 1414 590 1438 α
614 1397 875 1454 Apostolicae
909 1397 1069 1440 Sedis»
1100 1397 1155 1439 Pii
1190 1396 1243 1439 IX
1270 1397 1281 1418 ¹
1319 1399 1372 1441 ita
1406 1400 1638 1455 concipitur
1669 1412 1836 1445 excom-

211 1471 433 1512 municatio
477 1469 643 1525 speciali
690 1468 811 1511 modo
846 1468 960 1512 ltom.
998 1468 1180 1511 l’ontitici
1216 1473 1440 1523 reservata,
1477 1468 1554 1512 lata
1590 1472 1628 1512 in
1669 1486 1687 1511 <i
1711 1470 1835 1515 Usur-

209 1545 350 1596 pantes
402 1539 462 1582 vol
512 1544 820 1597 sequestrantes
870 1540 1209 1582 iurisdictionem.
1255 1539 1372 1591 bona,
1418 1540 1603 1583 redditus
1645 1541 1694 1584 ad
1745 1555 1834 1598 per-

208 1624 329 1654 sonas
362 1611 663 1654 ecclesiasticas
699 1613 855 1654 ratione
898 1624 1065 1653 suarum
1101 1610 1380 1653 Ecclesiarum
1426 1616 1495 1654 aut
1540 1610 1834 1655 beneficiorum

211 1685 461 1739 pertinentes
484 1698 523 1726 ›>.

331 1753 429 1797 (Ῑαη.
464 1755 589 1796 2340·
624 1755 662 1795 in
697 1752 857 1796 delictis
890 1753 1107 1808 puniendis
1145 1755 1334 1808 proprius
1366 1755 1538 1796 accessit
1572 1753 1622 1796 ad
1656 1753 1836 1810 discipli-

210 1836 301 1867 nam
340 1837 410 1880 per
442 1822 565 1867 Couc.
599 1823 709 1866 Trid.
745 1823 969 1871 inductam,
993 1823 1101 1880 quod
1128 1837 1148 1865 e
1180 1825 1376 1865 memoria
1401 1836 1450 1865 ne
1474 1823 1648 1873 labatur,
1672 1824 1836 1881 quando

213 1895 402 1951 legantur
449 1899 639 1938 auctores
688 1894 861 1951 probati,
895 1896 963 1951 qui
1001 1900 1087 1950 post
1120 1894 1271 1936 dictam
1312 1899 1440 1937 const,
1478 1894 1641 1938 Pianam
1678 1895 1728 1938 de
1761 1895 1838 1938 hac

212 1968 642 2009 excommunicatione
675 1967 942 2022 scripserunt.
979 1964 1024 2007 Si
1056 1965 1165 2022 qais,
1197 1969 1235 2007 et
1276 1979 1296 2004 <c
1324 1963 1497 2007 verbum
1530 1964 1608 2008 hoc
1641 1970 1722 2008 tam
1759 1978 1840 2008 ma-

212 2036 347 2080 sculos
380 2049 502 2094 quam
538 2038 711 2080 seminas
745 2035 1075 2092 complectitur»
1101 2035 1128 2084 ²,
1164 2039 1246 2078 imo
1279 2048 1328 2078 ex
1364 2034 1514 2079 Codice
1553 2035 1649 2079 addi
1684 2041 1836 2093 potest:

217 2123 236 2147 ((
261 2107 507 2151 clericorum
547 2107 608 2150 vel
645 2106 842 2150 laicorum
869 2122 888 2147 ))
927 2107 1022 2162 (loc.
1046 2109 1112 2149 cit.
1137 2104 1259 2149 Cone.
1286 2104 1431 2162 Ti·id.),
1460 2121 1480 2146 «
1505 2108 1669 2162 utrique
1700 2111 1837 2149 autem

216 2183 383 2234 possunt
415 2191 503 2220 esse
539 2177 763 2234 religiosi»
802 2177 908 2234 (can.
947 2176 1060 2233 107),
1094 2175 1215 2229 bona,
1248 2189 1354 2233 quae
1387 2176 1674 2220 «naturaliter
1706 2189 1757 2219 ex
1792 2189 1839 2219 eo

214 2249 422 2302 dicuntur,
446 2248 554 2306 quod
593 2248 725 2297 beant,
753 2248 827 2291 lioc
851 2253 911 2291 est
935 2248 1074 2291 beatos
1106 2248 1281 2291 faciunt:
1319 2247 1441 2291 beare
1465 2252 1524 2291 est
1549 2247 1741 2304 prodesse
1766 2262 1784 2287 ))
1808 2246 1838 2302 ³,

214 2319 514 2372 ecclesiastiea,
547 2332 651 2376 quae
685 2320 940 2362 deliniuntur
971 2321 1009 2361 in
1045 2331 1133 2362 can.
1158 2318 1282 2371 1497,
1305 2318 1333 2376 ἓ
1359 2320 1394 2364 l.
1419 2318 1669 2376 additurque
1702 2318 1838 2361 emus-

215 2390 311 2433 libet
351 2390 533 2446 qenais,
569 2403 744 2446 nempe:
789 2402 964 2444 «sacra,
999 2392 1173 2446 pretiosa
1201 2406 1220 2430 »
1266 2388 1338 2446 (ib.
1371 2389 1400 2447 g·
1434 2388 1491 2446 2),
1528 2389 1591 2432 vel
1635 2402 1766 2442 secus,
1801 2393 1841 2432 et

220 2477 239 2502 ((
262 2466 356 2504 sunt
401 2461 503 2504 bona
550 2460 807 2517 temporalia,
841 2460 926 2503 sive
964 2459 1146 2510 mobilia,
1180 2460 1264 2503 sice
1302 2459 1548 2513 immobilia,
1580 2459 1666 2502 sire
1697 2472 1838 2517 eorpo-

215 2532 342 2587 rali'a,
376 2532 461 2574 sire
493 2531 781 2589 incorporalia
817 2531 957 2589 (prout
1000 2530 1100 2574 haec
1148 2530 1272 2574 verba
1317 2536 1411 2574 sunt
1445 2532 1483 2574 in
1518 2531 1628 2573 dicto
1670 2542 1759 2573 can.
1793 2543 1841 2573 ac

216 2603 474 2659 paragrapho
492 2602 859 2659 declarata),quae
896 2601 956 2645 rel
992 2601 1040 2645 ad
1076 2601 1303 2645 Ecclesiam
1338 2603 1574 2644 universam
1601 2605 1639 2644 et
1662 2601 1711 2644 ad
1736 2600 1840 2656 Apo·

214 2674 399 2717 stolicam
434 2673 580 2716 Sedem
620 2673 681 2716 vel
716 2674 765 2716 ad
801 2673 922 2716 aliam
959 2676 996 2715 in
1023 2672 1204 2716 Ecclesia
1239 2685 1454 2729 personam
1492 2670 1688 2714 moralem
1724 2673 1843 2727 perti-

217 2749 337 2788 neant
362 2760 381 2785 »
422 2744 531 2800 (can.
550 2746 615 2786 cit.
642 2746 666 2797 ἓ
695 2743 767 2800 10),
791 2743 832 2800 a)
853 2758 930 2801 per
961 2757 1004 2785 se
1036 2742 1296 2800 delinquens,
1317 2742 1377 2785 rel
1405 2756 1483 2800 per
1515 2741 1623 2785 alios
1650 2744 1839 2795 iussione,

338 2851 349 2872 ¹
380 2851 422 2883 1⁶2
450 2849 534 2884 Oct.
558 2850 661 2892 1869,
685 2853 698 2892 Ξ
722 2852 751 2890 l,
770 2862 808 2883 n.
832 2851 945 2883 11.—
963 2849 977 2871 2
1003 2849 1046 2882 L.
1070 2851 1087 2882 1
1115 2864 1127 2877 «
1147 2849 1191 2882 de
1219 2848 1425 2882 verborum
1450 2847 1743 2892 significatione
1760 2862 1773 2876 »
1799 2844 1838 2880 ff.

218 2918 263 2922 —
289 2898 302 2919 3
329 2897 371 2930 L.
400 2897 446 2931 48
472 2913 484 2926 α
505 2897 550 2931 de
580 2897 784 2931 verborum
811 2896 1102 2941 significatione
1126 2913 1134 2925 o
1160 2895 1199 2929 ff.
