1981 3182
523 176 530 183 ¹
597 175 725 200 INDEX
750 173 943 200 CANONUM
969 174 1020 198 ET
1047 172 1328 198 COMMENTARII

150 344 350 379 Adversus
376 354 455 378 non
480 343 770 388 relinquentem
796 342 905 386 prius
930 339 1105 375 officium
1131 339 1427 385 incompatibile

148 404 298 439 Contra
321 406 557 438 renuentem
582 401 671 436 dare
698 393 972 436 iusiurandum

150 462 370 508 Negligens
395 462 565 506 recipere
591 460 925 495 consecrationem
958 487 964 493 .

150 521 331 557 Canones
356 521 560 555 2399-2403
625 548 632 556 .

152 580 299 617 Contra
324 579 549 614 deserentes
575 590 719 613 munus
746 578 821 612 sibi
849 577 1098 612 commissum

151 640 301 675 Contra
324 639 595 684 resignantem
620 638 662 672 in
687 648 826 671 manus
853 636 1042 670 laicorum
1072 663 1078 669 .

153 698 300 734 Contra
326 697 596 732 detentionem
621 696 876 741 illegitimam
901 693 1031 735 officii,
1058 693 1251 735 beneficii,
1281 662 1519 738 dignitatis.

151 757 300 792 Contra
324 756 551 791 Praelatum
577 755 850 801 negligentem
876 753 1046 798 recipere
1066 752 1405 786 benedictionem.

153 816 300 852 Contra
325 815 597 861 negligentem
621 815 803 853 emittere
829 812 919 846 fidei
950 811 1230 857 professionem
1289 836 1296 844 .

818 928 1004 966 TITULUS
1032 928 1122 964 ΧΙΧ.

460 1017 516 1057 De
545 1015 680 1050 abusu
711 1013 924 1057 potestatis
950 1013 1009 1048 vel
1037 1013 1162 1049 officii
1191 1012 1475 1049 ecclesiastici.

155 1113 334 1149 Canones
359 1111 467 1145 2404-
470 1110 564 1144 2414

156 1171 340 1207 Schema:
367 1169 528 1203 Titulus
554 1167 666 1203 XIX.
691 1167 748 1201 De
773 1166 899 1200 abusu
925 1165 1134 1210 potestatis
1162 1165 1224 1199 vel
1256 1165 1374 1200 officii
1410 1133 1526 1200 eccle·-

250 1228 420 1264 siastici.

158 1287 368 1334 Inscriptio
394 1286 521 1321 Tituli
548 1290 666 1330 atque
693 1253 764 1319 sub
791 1295 835 1318 eo
857 1252 1097 1318 delictorum
1122 1283 1308 1318 recensio.

157 1347 317 1383 Abusus
344 1347 386 1381 in
413 1357 555 1391 genere
582 1344 766 1379 coercitio

158 1406 378 1442 Laedentes
404 1405 563 1440 Curiam
586 1403 717 1449 ,quoad
742 1403 827 1437 eius
853 1402 1089 1437 documenta

158 1466 359 1502 Adversus
385 1464 551 1500 curiales
578 1463 863 1508 delinquentes.

159 1525 306 1560 Contra
323 1523 558 1558 inducentes
577 1522 706 1557 curiae
724 1521 979 1555 administros
992 1519 1177 1554 adversus
1195 1530 1330 1554 eorum
1344 1517 1526 1553 officium.

157 1584 206 1619 In
231 1587 426 1629 augentes
453 1587 578 1624 taxas,
609 1581 670 1615 vel
697 1581 803 1615 ultra
828 1591 893 1614 eas
918 1580 1125 1624 exigentes
1188 1605 1194 1612 .

159 1643 326 1688 Propter
351 1641 585 1687 illegitimas
611 1639 767 1674 litteras
794 1638 1035 1673 dimissorias
1078 1664 1086 1671 .

160 1701 307 1736 Contra
332 1699 561 1745 Superiores
587 1698 797 1743 illegitime
823 1697 1074 1731 remittentes
1100 1694 1337 1730 ordinandos

254 1817 495 1852 monialibus
529 1844 535 1851 .

257 1935 470 1971 tioratione
527 1963 534 1969 .

161 1995 318 2030 Delicta
342 1995 546 2029 occasione
573 1993 819 2029 visitationis
845 1993 1052 2027 canonicae
1082 2019 1088 2025 .

164 2054 363 2090 Antistita
388 2053 621 2098 delinquens
647 2058 784 2088 contra
809 2052 1034 2086 libertatem
1053 2049 1311 2085 confessionis

1707 158 1777 194 333

1564 287 1641 310 CAN.
1699 287 1779 309 PAG·

1508 367 1513 373 .
1569 338 1662 373 2396

1508 424 1514 431 .
1569 398 1660 433 2397

1507 484 1513 490 .
1566 456 1660 491 2398

1511 601 1517 608 .
1570 574 1663 608 2399

1511 661 1517 667 .
1569 633 1663 667 2400

1571 691 1663 725 2401

1511 778 1517 784 .
1571 750 1665 784 2402

1508 836 1514 844 .
1567 809 1672 843 2403-
1735 824 1748 838 »

1515 1369 1521 1375 .
1574 1341 1666 1375 2404

1518 1427 1524 1434 .
1577 1400 1669 1434 2405

1515 1486 1522 1494 .
1575 1459 1668 1493 2406

1576 1517 1668 1551 24οΤ

1519 1604 1525 1611 .
1576 1577 1670 1610 2408

1519 1662 1526 1670 .
1578 1635 1672 1669 2409

1519 1721 1525 1727 .
1578 1693 1672 1727 2410

159 1759 413 1804 Recipientes
439 1757 695 1792 candidatum
723 1768 801 1791 non
828 1756 1013 1790 idoneum
1039 1754 1102 1789 vel
1129 1754 1213 1788 sine
1246 1753 1394 1788 litteris
1421 1753 1531 1787 testi-

1518 1838 1525 1846 .
1579 1812 1669 1846 2411

159 1877 246 1913 Non
272 1877 528 1912 observantes
555 1875 795 1921 praescripta
832 1885 1026 1909 canonum
1053 1873 1099 1908 de
1130 1872 1289 1907 dotibus
1315 1876 1355 1906 et
1381 1871 1427 1906 de
1454 1882 1532 1906 cer—

1521 1957 1528 1965 .
1580 1931 1673 1963 2412

1522 2015 1530 2024 .
1581 1988 1674 2022 2413

1522 2077 1527 2083 .
1580 2048 1673 2081 2414

1710 338 1778 372 311

1712 515 1782 549 312

1713 749 1782 784 313

1716 1105 1786 1139 314
1833 1140 1840 1148 ‚

1716 1222 1786 1256 315

1716 1340 1787 1374 316

1716 1458 1786 1492 316

1717 1516 1786 1551 317

1718 1576 1788 1610 318

1719 1693 1789 1727 319

1721 1929 1791 1963 320

1722 1988 1767 2022 32
1773 1989 1789 2022 1

1721 2046 1791 2080 322
