1981 3182
126 153 230 189 Catu
247 153 342 188 2220
508 153 592 187 ΤῙΤ.
621 153 667 187 V.
697 173 708 178 -
735 154 792 188 De
817 154 1023 199 Superiore
1041 156 1271 198 potestatem
1297 156 1363 188 etc.
1709 155 1752 190 57

128 276 289 308 conatum
316 272 432 306 delicti
460 276 532 306 tum
561 272 596 306 in
631 272 796 306 delictum
823 282 903 306 con—
978 272 1171 306 sententiae
1210 272 1383 306 iudicialis
1411 273 1754 318 pronuntiationem;

127 324 356 361 summatum,
375 319 437 354 hoc
455 319 745 363 admisso‚intligi
766 323 903 353 tantum
978 319 1004 352 si
1035 330 1112 353 vero
1142 330 1250 363 poena
1276 319 1364 354 latae
1397 319 1447 354 vel
1488 320 1649 355 ferendae
1676 330 1753 355 sen-

128 367 228 402 debet
249 377 359 412 poena
377 367 411 400 in
432 371 715 401 consummatum
737 366 902 401 delictum
978 366 1106 400 tentiae
1134 365 1267 400 inflicta
1286 367 1329 399 sit
1347 366 1389 400 ad
1419 366 1559 402 modum
1581 367 1752 413 praecepti

128 418 270 449 statuta.
979 413 1212 458 particularis.
1241 414 1369 458 scripto
1394 419 1453 448 aut
1480 425 1595 449 coram
1619 414 1754 449 duobus

200 460 284 496 CAN.
319 458 424 494 2225.
457 480 473 487 -
502 459 536 495 Si
567 471 677 506 poena
711 460 907 495 declaretur
980 460 1126 495 testibus
1160 460 1335 495 ordinarie
1373 460 1566 495 declaretur
1593 461 1643 496 vel
1673 462 1756 496 irro-

128 507 376 552 velinssigatur
392 508 674 553 persententiam
694 507 906 547 iudicialem,
980 512 1092 551 getur.
1126 507 1288 542 indicatis
1326 519 1457 552 poenae
1495 519 1621 548 causis,
1661 508 1756 543 salvo

129 560 310 591 serventur
347 566 522 590 canonum
568 554 777 600 praescripta
816 554 906 589 circa
981 554 1194 600 praescripto
1221 565 1299 589 can.
1330 553 1435 588 2193.

249 697 315 741 37.
342 699 597 754 Inscriptio
615 699 851 742 Tituli.—-
868 696 1022 739 Deinde
1046 696 1374 739 considerandus
1397 699 1473 739 erit
1500 695 1678 739 Tilulnm
1715 697 1756 749 V,

129 771 197 826 qui
233 770 308 812 sert
333 771 643 824 inscriptionem
671 766 730 810 De
753 767 980 825 Superiore
1005 773 1193 823 respectu
1219 767 1480 810 subditorum
1507 773 1755 824 potestatem

127 842 337 883 societatis
361 840 569 895 perfectae
595 841 818 894 propriam,
842 839 913 881 sed
940 850 1046 895 quae
1072 838 1331 894 legislativae
1365 851 1411 881 ac
1447 838 1628 881 iudiciali
1668 852 1759 881 con-

131 915 387 964 numeratur,
426 909 619 952 videlicet
652 909 877 952 coactivam
915 909 975 965 (ut
1011 908 1067 951 illi
1099 911 1166 965 qui
1205 908 1380 952 libenter
1419 922 1497 952 uon
1531 909 1759 964 adimplent

129 981 402 1037 obligationes
434 980 602 1033 subditi,
640 994 711 1036 per
745 994 911 1036 poenas,
946 993 1051 1037 quae
1084 985 1176 1022 sunt
1214 979 1321 1022 illius
1360 979 1583 1030 obiectum,
1617 980 1758 1036 agant)

130 1051 317 1103 habente,
350 1054 440 1095 sive
473 1051 523 1094 ad
559 1051 635 1094 boc
671 1055 713 1093 ut
746 1064 814 1093 eas
847 1051 1042 1094 decernat
1078 1051 1329 1107 generaliter
1372 1055 1441 1093 aut
1479 1050 1760 1106 singulariter,

129 1126 218 1166 sive
253 1127 295 1166 ut
328 1136 397 1166 eas
431 1123 601 1178 infligat,
637 1124 944 1177 opportunitate
984 1134 1103 1164 casus
1141 1121 1293 1174 oblata,
1330 1124 1420 1164 sive
1459 1126 1614 1164 lantum
1651 1122 1757 1178 quod

132 1196 317 1238 incursas
351 1206 423 1249 per
455 1193 643 1236 subditos
676 1195 785 1249 ipsas
819 1193 1015 1241 declaret,
1042 1198 1082 1235 ut
1117 1195 1174 1235 eis
1209 1195 1287 1235 iam
1323 1192 1498 1235 subiecti
1522 1204 1660 1235 coram
1687 1192 1760 1235 Ec-

131 1265 254 1308 clesia
290 1267 372 1307 noti
409 1266 519 1307 liant.

251 1336 318 1379 38.
357 1338 652 1392 Principium
686 1337 748 1381 de
780 1337 1003 1381 subiecto
1039 1334 1147 1395 illius
1187 1337 1397 1390 potestatis
1435 1338 1628 1378 enunciat
1669 1348 1760 1378 ean.

132 1408 448 1465 2?20.§1.—
486 1405 743 1464 Qm'pollem
774 1408 886 1449 iuxta
919 1418 1166 1449 sscanones·
1187 1411 1397 1462 poteslale
1434 1405 1565 1448 solum
1597 1404 1759 1461 publica

134 1478 243 1535 [eyes
276 1477 454 1534 serendi,
493 1479 582 1520 sire
616 1478 886 1520 territoriales
919 1478 1008 1519 sive
1044 1476 1295 1532 personales,
1332 1475 1392 1518 vel
1422 1481 1648 1533 praecoma
1676 1478 1760 1518 sin-

134 1548 242 1605 gulis
269 1547 331 1591 vel
357 1547 544 1604 pluribus
566 1547 809 1604 imponendi
833 1561 881 1590 ex
907 1560 1030 1590 causa
1056 1547 1365 1592 iurisdictionis.
1385 1552 1564 1604 possem!
1589 1560 1761 1604 quoque,

134 1620 182 1662 ad
206 1618 440 1662 facultatem
461 1619 569 1675 quod
591 1621 748 1668 attinet,
769 1617 852 1675 lessi
876 1617 1045 1661 cuilibet
1067 1617 1127 1659 vel
1142 1623 1366 1675 praecepto
1386 1631 1407 1660 a
1431 1631 1474 1660 se
1494 1618 1589 1660 dato
1606 1631 1763 1674 poe-nas

135 1689 402 1732 medicinales
435 1693 504 1731 aut
542 1689 816 1731 vindicativas
850 1687 1072 1730 (ulueelere
1101 1690 1137 1730 in
1163 1689 1308 1731 eodem
1336 1688 1438 1744 legis
1465 1688 1527 1731 vel
1555 1690 1760 1744 praecepti

133 1764 328 1803 contextu
362 1760 412 1802 ad
448 1772 590 1802 eorum
627 1760 862 1802 firmitatem
893 1759 953 1801 vel
980 1760 1233 1804 etlicaciam:
1269 1759 1341 1816 qui
1363 1773 1460 1802 vero
1479 1759 1625 1815 supple
1655 1775 1675 1799 «
1696 1773 1761 1815 po-

133 1834 278 1873 testate
303 1846 321 1870 ))
362 1829 558 1872 imliciali
591 1835 769 1881 tantum,
800 1836 977 1887 possunt
1010 1829 1283 1880 solummodo,
1308 1829 1358 1873 ob
1384 1830 1487 1872 banc
1511 1830 1667 1873 scilicet
1695 1844 1761 1886 po-

135 1905 320 1944 testatem
355 1905 394 1943 et
429 1903 466 1942 vi
502 1900 624 1943 liuius
666 1903 836 1944 canonis
876 1915 1035 1958 poenas
1081 1903 1247 1957 proprie
1281 1901 1425 1953 dictas,
1461 1899 1647 1957 leqitime
1678 1905 1761 1942 sta-

136 1977 262 2025 !zclaS,
287 1984 435 2027 nempe
465 1971 625 2028 legibus
648 1972 831 2015 adnexas
855 1972 1160 2026 ecclesiasticis,
1185 1972 1415 2015 seeundum
1441 1984 1543 2028 quas
1568 1971 1764 2022 iudicant,

133 2047 171 2086 et
205 2042 260 2086 ad
292 2056 482 2085 normam
506 2042 629 2096 iuris,
663 2044 790 2086 idest:
825 2046 1001 2086 servatis
1034 2058 1087 2085 ss.
1122 2042 1352 2086 canonibus
1379 2042 1480 2086 Lib.i
1507 2042 1552 2084 {V
1591 2042 1640 2085 ad
1678 2055 1763 2084 rem

135 2113 436 2170 pertinentibus
469 2119 593 2171 atque
626 2114 716 2157 aliis
749 2114 870 2157 buius
894 2114 995 2158 Lib.i
1019 2113 1061 2167 V,
1087 2114 1307 2171 applicare
1332 2127 1403 2170 per
1426 2117 1671 2156 sententiam
1696 2117 1766 2156 aut

133 2188 348 2229 decretum
382 2185 577 2243 equidem
612 2185 798 2241 singulis.
832 2185 933 2228 Nam
972 2185 1122 2241 legitur
1157 2187 1194 2227 in
1230 2197 1321 2229 can.
1347 2185 1384 2233 4,
1409 2184 1528 2228 Caus.
1556 2183 1620 2237 lll,
1645 2196 1765 2241 quae-

131 2258 262 2300 stione
299 2255 386 2300 Vll:
427 2272 447 2297 c(
471 2256 606 2299 Bonus
640 2257 763 2299 iudex
799 2256 897 2299 nibil
924 2270 973 2299 ex
998 2256 1171 2300 arbitrio
1204 2269 1277 2299 suo
1306 2257 1416 2309 facit,
1441 2261 1479 2299 et
1512 2256 1765 2298 domesticae

135 2329 343 2383 proposito
395 2327 630 2375 voluntatis,
664 2328 735 2371 sed
771 2330 883 2371 iuxta
929 2328 1039 2383 leges
1087 2331 1125 2370 et
1161 2330 1248 2369 iura
1295 2328 1569 2383 pronunciat,
1604 2328 1766 2369 statutis

135 2400 235 2441 iuris
268 2397 541 2455 obtemperat,
576 2412 653 2441 non
690 2398 878 2454 indulget
913 2400 1103 2455 propriae
1140 2398 1363 2453 voluntati3
1398 2397 1641 2454 obsequitur
1665 2396 1763 2452 legi-

137 2464 224 2524 bus,
260 2482 337 2512 non
372 2469 642 2517 adversatur:
678 2472 891 2513 examinat
923 2482 1072 2513 causae
1108 2471 1268 2523 merita,
1304 2482 1383 2511 non
1420 2473 1613 2511 mutat».

254 2539 480 2583 Enimvero
515 2553 563 2583 ex
599 2553 688 2584 can.
725 2540 823 2595 368,
855 2540 882 2597 ξ
917 2543 961 2583 1;
1002 2556 1023 2580 «
1046 2539 1206 2583 Ἥρω-ὴ)
1240 2538 1448 2594 Gener-ali,
1486 2541 1524 2580 vi
1559 2539 1696 2591 oflicii,
1720 2550 1766 2580 ea

136 2613 375 2667 competit...
410 2612 639 2654 iurisdictio
673 2613 711 2653 in
736 2611 1021 2667 spiritualibus
1053 2624 1101 2654 ac
1135 2609 1445 2667 temporalibus,
1469 2622 1575 2666 quae
1598 2609 1647 2652 ad
1674 2608 1765 2664 Epi-

136 2693 306 2736 scopum
343 2682 432 2723 iure
466 2681 676 2723 ordinario
712 2684 902 2737 pertinet,
936 2683 1122 2737 exceptis
1157 2683 1247 2724 iis...
1283 2693 1388 2737 quae
1422 2694 1470 2723 ex
1508 2682 1596 2722 iure
1631 2681 1766 2735 requi-

138 2755 229 2794 rant
261 2751 441 2807 speciale
474 2751 666 2807 Episcopi
703 2752 942 2794 mandatum
968 2768 1007 2795 )),
1041 2751 1147 2794 Hine
1180 2751 1253 2793 fuit
1287 2752 1548 2794 necessarius
1571 2749 1622 2792 ob
1648 2749 1766 2804 legis-

139 2821 279 2864 latoris
306 2821 559 2864 voluntalem
579 2824 661 2875 §3
696 2821 885 2864 vicarius
911 2821 1141 2879 yenerali's,
1171 2823 1364 2878 quamvis
1388 2820 1544 2877 pollens
1568 2824 1766 2876 potestate

139 2897 358 2948 praecepta
394 2892 648 2948 imponendi,
679 2891 770 2934 sine
804 2891 1003 2935 mandale
1037 2891 1214 2948 speciali
1252 2891 1444 2948 Episcopi
1482 2891 1767 2934 constituentis
