1981 3182
0 0 412 90 FWV-ywssvvv
433 0 451 7 -›
554 0 559 7 τ

37 37 45 44 .

0 119 6 130 Ι

72 154 163 191 ean.
191 151 394 188 2370-2371
446 152 528 185 TIT.
558 152 667 186 xvi.
695 172 707 177 -
738 151 791 186 De
808 151 959 185 delictis
979 152 1021 183 in
1039 140 1189 183 camin.
1211 148 1318 183 Sacr.
1629 147 1698 181 287

74 272 116 330 b)
135 271 336 330 Episcopi
353 270 503 327 singuli
528 270 705 314 duorum
736 286 757 310 «
780 282 883 326 quos
906 267 1132 323 Episcopus
1156 271 1419 310 consecrator
1442 265 1564 310 debet
1586 265 1699 309 adbi-

74 343 216 388 bere»
255 344 360 397 (can.
397 340 516 398 954),
549 340 625 393 rel,
660 340 747 383 loco
781 338 1097 397 Episcopornni,
1134 337 1299 394 quando
1344 353 1363 377 «
1387 336 1463 380 hac
1496 350 1620 393 super
1654 350 1697 379 re

74 427 95 458 a
128 413 234 457 Sede
267 412 502 468 Apostolica
527 412 810 467 dispensatum
845 410 965 452 fuerit
988 424 1028 459 n,
1054 415 1091 450 et
1114 420 1135 451 a
1159 408 1317 450 fortiori
1341 410 1371 450 si
1398 407 1498 450 haec
1522 407 1697 450 defuerit

74 485 338 540 dispensatio,
372 487 433 525 ast
455 486 552 525 tunc
579 481 732 531 illicite,
758 481 797 536 c)
819 477 1054 537 presbyteri
1086 477 1331 520 assistentes
1364 476 1567 533 Episcopo
1601 490 1695 520 con-

73 555 250 598 secranti
274 553 324 596 ad
350 552 472 596 buius
495 553 818 596 consecrationis
843 549 1078 594 liceitatem,
1113 547 1156 604 d)
1191 553 1229 589 et
1252 547 1323 604 qni
1345 547 1698 590 consecrationem

76 623 239 682 recipit,
262 623 611 680 quandocumque
635 621 702 664 illa
728 622 797 663 liat
819 619 910 662 sine
933 617 1161 676 apostolico
1187 617 1383 660 mandato
1407 623 1551 660 eontra
1574 630 1695 674 prae-

75 695 278 752 scriptum
309 708 399 736 can.
434 694 543 746 953,
580 693 711 735 idest:
744 691 811 733 illo
836 703 913 732 non
939 693 1117 736 extante,
1143 702 1217 731 nec
1240 688 1391 731 sufficit
1413 688 1520 744 quod
1558 687 1698 730 illicite

76 769 200 822 agant
232 778 279 808 eo
312 764 420 821 quod
462 779 481 804 ε(
507 765 619 819 prius
663 775 741 804 non
786 764 989 804 constet»
1028 759 1077 801 de
1112 758 1195 811 ille,
1231 764 1269 801 ut
1305 761 1371 802 cit.
1406 771 1535 801 canon
1575 760 1697 800 etiam

79 834 332 892 praescribit.
370 833 571 877 praedicti
608 832 697 890 ipso
742 831 835 874 inre
876 829 1070 887 suspensi
1112 835 1222 882 sunt,
1256 841 1336 886 qua
1389 830 1700 884 «suspensione

77 905 327 962 generaliter
361 905 437 948 lata
472 902 883 959 comprehenduntur
916 914 1058 944 omnes
1090 900 1273 953 effectus,
1299 901 1367 956 qui
1401 901 1439 941 in
1475 897 1702 941 canonibus

76 976 166 1019 art.¹
202 975 266 1027 lll,
298 974 412 1031 Cap.⁸
437 974 480 1028 ll,
504 973 580 1017 Tit.
609 972 708 1026 vill,
742 972 825 1017 Lib.
856 971 883 1014 V
918 976 1258 1015 enumerantur»
1297 970 1406 1027 (can.
1442 969 1568 1022 2278,
1591 970 1618 1026 ᾗ
1643 968 1700 1025 2),

77 1051 116 1090 et
148 1059 255 1104 quae
287 1047 500 1102 suspensio
535 1044 729 1101 perdurat
773 1043 902 1085 (Ιοιιθιἱ
944 1041 1069 1086 Sedes
1112 1041 1352 1099 Apostoliea
1385 1054 1452 1083 eos
1485 1039 1699 1097 dispensa-

79 1117 196 1170 verit,
229 1130 310 1174 quo
347 1115 472 1159 vei-bo
507 1117 637 1158 innuit
671 1128 801 1157 camin
840 1114 903 1157 liic
937 1116 1002 1170 agi
1037 1113 1088 1155 de
1128 1125 1256 1169 poena
1295 1112 1560 1158 vindicatin
1595 1122 1701 1167 quae

78 1189 195 1231 estin
228 1200 318 1231 can.
339 1186 451 1229 2298
475 1185 551 1229 sub
576 1186 633 1228 u.O
656 1185 698 1227 2⁰
722 1201 740 1225 ((
766 1186 986 1240 suspensio
1010 1184 1059 1227 ad
1087 1183 1389 1239 beneplacitum
1409 1183 1643 1237 Superioris
1663 1196 1700 1220 )).

80 1258 376 1315 l'raedictaque
409 1260 565 1300 sanctio
599 1262 659 1299 cst
693 1268 798 1299 nova
836 1258 873 1298 in
911 1258 1011 1298 iure.

197 1328 294 1372 213.
330 1330 514 1374 Contra
545 1330 774 1373 delictum
809 1328 1048 1373 simoniae
1081 1328 1127 1370 in
1166 1328 1585 1371 sacramentorum
1618 1324 1701 1367 ad-

79 1401 438 1446 ministratione
470 1413 530 1444 ae
562 1400 863 1453 receptione.
897 1423 961 1453 ,—
1010 1395 1110 1439 Can.
1144 1398 1277 1439 3371.
1316 1394 1466 1438 Omnes
1502 1393 1703 1449 baptizati,

80 1469 207 1512 etiam
239 1468 468 1527 episcopali
501 1468 711 1525 cliynitate
743 1468 870 1517 auen,
903 1467 1011 1525 quod
1047 1467 1213 1509 additur
1237 1480 1314 1508 non
1352 1468 1538 1521 respectu
1572 1465 1704 1518 suspi-

81 1542 210 1584 cionis
242 1540 293 1583 de
325 1553 405 1597 qua
442 1537 800 1596 primo‘loquitur
841 1543 986 1582 canon.
1020 1538 1090 1581 sed
1127 1542 1293 1594 propter
1326 1535 1553 1579 subnexam
1594 1550 1611 1574 c<
1637 1547 1703 1576 su-

80 1613 339 1667 spensionem
366 1626 406 1662 »,
439 1624 487 1653 eo
521 1610 630 1667 quod
672 1626 691 1650 «
717 1611 790 1652 nisi
831 1622 1027 1665 expresse
1072 1610 1350 1661 nominentur,
1395 1620 1473 1649 non
1517 1618 1704 1660 compre·

82 1681 318 1724 lienduntur
351 1680 540 1737 Episcopi
575 1680 652 1724 sub
687 1682 829 1736 poenis
863 1679 967 1722 latae
1000 1680 1229 1722 sententiae
1262 1678 1543 1733 suspensionis
1575 1680 1613 1718 et
1649 1677 1707 1717 in·

83 1751 243 1795 terdicti
267 1767 287 1792 »
325 1750 433 1808 (can.
471 1751 597 1804 2227,
630 1751 658 1807 3⁶
692 1750 748 1807 2),
788 1763 1018 1792 «omnes»
1057 1763 1156 1805 ergo
1199 1749 1270 1806 qni
1303 1748 1344 1802 a)
1374 1760 1451 1805 per
1482 1745 1705 1789 simoniani

81 1822 273 1878 equidem
312 1824 458 1865 «iuris
490 1822 665 1864 divini»
704 1822 916 1864 delinitam
951 1825 988 1863 et
1023 1819 1268 1876 explicatam
1305 1821 1342 1860 in
1377 1831 1467 1862 can.
1491 1817 1590 1871 737,
1618 1818 1642 1870 ἓ
1668 1816 1704 1870 1,

84 1892 125 1950 b)
159 1893 214 1936 ad
246 1892 415 1936 ordines
451 1893 667 1936 videlicet:
705 1908 724 1932 ((
748 1891 946 1948 singulos,
970 1893 1323 1934 consecrationem
1352 1888 1643 1946 episcopalem,
1668 1891 1707 1930 et

84 1966 211 2013 ipsam
263 1966 436 2020 primam
488 1969 744 2007 tonsuram»
783 1963 890 2017 (can.
927 1963 1042 2018 950),
1077 1962 1117 2017 c)
1150 1961 1343 2014 scienter,
1381 1960 1489 2017 quod
1534 1958 1706 2002 verbum

89 2050 108 2075 c(
134 2034 296 2091 plenam
329 2037 605 2092 cognitionem
641 2047 688 2078 ac
722 2033 1062 2077 deliberationem
1099 2034 1270 2088 exigit»
1307 2032 1417 2087 (can.
1444 2031 1570 2085 2229,
1595 2032 1619 2083 g
1648 2030 1707 2085 2),

84 2104 116 2148 10
145 2105 443 2163 promoverint,
481 2106 590 2163 quod
625 2106 676 2149 de
708 2105 936 2162 Episcopis,
970 2118 1017 2147 ac
1054 2102 1308 2160 l'resbyteris
1342 2101 1606 2159 privilegium
1643 2100 1709 2143 lia-

85 2175 275 2220 bentibus
311 2190 347 2221 v.
380 2191 442 2234 gr.
468 2176 698 2221 Abbatibus
725 2176 786 2219 vel
816 2175 1011 2219 Praelatis
1037 2174 1204 2228 nullius,
1231 2172 1402 2216 vicariis
1425 2178 1464 2216 et
1491 2172 1709 2215 Praefectis

84 2247 343 2303 Apostolicis,
376 2247 456 2291 dici
493 2252 637 2303 potest,
672 2247 722 2290 110
759 2246 819 2289 cel
849 2245 1033 2304 promoti
1065 2244 1240 2301 fuerint,
1268 2243 1335 2286 lllO
1361 2248 1434 2285 ant
1457 2242 1547 2285 alia
1570 2255 1709 2284 saera-

86 2323 223 2361 menta
253 2318 415 2375 singula
450 2318 800 2371 ministraverint,
835 2319 957 2360 etiam
994 2321 1036 2359 ut
1071 2318 1244 2358 ministri
1279 2314 1612 2367 extraordinarii,
1645 2312 1706 2355 vel

86 2387 333 2445 baptismum
354 2403 432 2432 non
452 2387 693 2432 sollemnem
715 2388 844 2432 laicus
866 2394 933 2431 aut
960 2387 1122 2440 mulier,
1148 2385 1216 2429 {VO
1243 2385 1303 2428 vet
1329 2385 1577 2442 receperint,
1601 2396 1708 2441 quae

89 2458 212 2510 verba
245 2462 410 2516 proprie
444 2474 522 2503 non
557 2459 810 2504 adhibentur
843 2459 893 2502 de
929 2457 1221 2502 matrimoniali
1256 2461 1470 2501 contractu
1507 2458 1611 2498 inter
1646 2455 1709 2497 ba-

88 2531 268 2583 ptizatos,
304 2531 501 2587 praedicti
542 2531 830 2588 delinquentes
868 2535 965 2571 sunt
997 2528 1180 2585 suspecti
1212 2527 1263 2570 de
1296 2526 1462 2570 haeresi
1494 2528 1708 2581 simoniae,

86 2599 236 2656 quibus
270 2602 441 2657 proinde
474 2602 748 2658 applicandus
781 2605 888 2644 esset
921 2613 1010 2644 can.
1037 2599 1163 2642 2315.

204 2670 396 2726 Sequitur
428 2675 585 2717 sanctio
619 2673 846 2716 conformis
879 2673 955 2714 iuri
992 2669 1271 2713 Decretalium
1305 2669 1374 2713 sed
1412 2668 1517 2712 latae
1549 2672 1710 2711 senten-

88 2743 181 2795 tiae,
218 2741 432 2786 videlicet:
466 2742 621 2795 elerici,
646 2755 819 2798 nempe:
858 2757 878 2781 «
901 2743 969 2798 qui
995 2741 1148 2783 divinis
1173 2742 1410 2784 ministeriis
1440 2753 1511 2796 per
1535 2740 1709 2795 primam

87 2811 230 2855 saltem
267 2816 474 2856 tonsuram
501 2815 582 2857 iam
609 2815 828 2869 mancipati
853 2816 947 2854 sunt
968 2827 991 2852 »
1021 2810 1127 2868 (can.
1157 2811 1250 2865 108,
1274 2811 1302 2868 ἓ
1326 2810 1384 2867 1),
1407 2809 1571 2868 quando
1600 2824 1621 2849 ((
1640 2821 1711 2864 per

86 2884 302 2926 simoniam
337 2884 386 2926 ad
422 2884 590 2927 ordines
624 2885 798 2941 promoti
835 2884 984 2925 suerint
1007 2897 1048 2933 n,
1075 2881 1137 2924 vel
1160 2887 1295 2925 cetera
1320 2886 1364 2925 ut
1391 2893 1513 2937 supra
1537 2881 1711 2936 egerint,
