1981 3182
50 30 52 34 ,
85 29 91 36 .

0 64 26 83 ‚¹3

103 118 194 154 Can.
221 117 316 152 2236
506 117 591 151 TIT.
620 117 706 151 VII.
735 138 747 142 -
774 117 830 151 De
855 127 1071 158 poenarum
1097 119 1325 152 remissione
1681 117 1723 150 81

223 237 291 280 56.
327 239 584 294 Inscriptio
615 238 779 282 Tituli.
801 261 859 266 —
890 234 1108 278 Terminus
1143 248 1366 291 poenarum
1405 239 1527 278 restat
1562 248 1731 291 perpen-

104 308 279 362 dendus,
313 312 351 350 et
385 307 461 350 hoc
496 311 673 363 praestat
714 305 875 349 Titulus
906 304 988 355 Vll,
1014 305 1135 349 liuius
1158 307 1358 349 Sectionis
1393 305 1572 358 ultimus,
1607 319 1733 362 agens

109 378 166 422 De
196 391 429 435 poenorum
462 376 756 434 quarumlibet,
790 381 874 419 tum
912 376 1104 418 serendae
1143 378 1369 418 sententiae
1414 375 1647 418 debitarum
1682 375 1732 418 ob

103 449 316 501 delictum,
341 452 425 490 tum
462 450 540 490 iam
578 450 853 500 incursatum,
876 449 965 489 sive
998 449 1093 502 quia
1129 446 1232 488 latae
1261 448 1502 496 sententiae,
1526 448 1615 488 sive
1637 448 1732 503 quia

103 519 357 576 subsequuta
391 524 451 562 est
484 518 634 561 delicto
667 521 869 561 sententia
903 517 1257 569 comleinnatoria,
1280 516 1342 559 vel
1368 518 1601 571 Superioris
1623 528 1733 572 prae-

103 596 285 647 ceptum,
310 593 400 632 sive
433 592 527 646 quia
564 589 717 631 intlicta
753 590 827 631 fuit
861 588 912 631 ab
947 587 1135 630 bomine:
1173 589 1297 642 igitur
1331 587 1380 629 de
1415 586 1560 629 haruin
1596 589 1735 642 singu-

106 662 237 706 larum
274 660 534 703 remissione.
569 659 679 702 Haec
717 662 752 701 in
788 672 941 714 genere
985 671 1031 701 ac
1077 660 1242 713 proprie
1280 662 1339 700 est
1377 674 1399 697 «
1421 663 1537 700 aetus
1569 671 1733 713 compe-

107 735 227 776 tentis
260 732 520 775 auctoritatis
554 729 873 782 ecclesiasticae,
909 742 989 786 quo
1022 728 1205 771 debitum
1244 741 1398 784 poenae
1442 727 1681 770 subeundae
1715 741 1735 771 a

107 817 175 847 reo
208 804 404 856 aufertur,
430 815 500 844 seu
527 813 655 857 poena
692 799 829 843 debita
864 799 1122 843 condonatur
1146 814 1184 841 ›>.
1211 800 1248 841 Si
1277 798 1549 840 remittendae
1584 810 1738 853 poenae

104 876 183 918 sint
222 873 514 927 vindicativae,
539 871 605 914 ille
629 876 744 914 actus
775 875 946 913 vocatur
971 869 1167 926 peculiari
1205 871 1369 911 nomine
1404 869 1736 923 dispensationis,

108 949 246 1001 utpote
270 960 291 985 «
314 943 578 999 obligationis
603 944 658 985 rei
686 955 733 984 ex
761 941 850 997 lege
876 943 912 983 in
939 954 1035 984 casu
1060 940 1229 996 speciali
1257 939 1456 982 relaxatio
1478 954 1495 978 >³
1521 939 1628 995 (can.
1650 938 1738 994 80),

105 1018 136 1058 si
171 1020 310 1059 antem
344 1017 423 1057 sint
457 1026 670 1067 censurae
708 1015 894 1055 remissio
928 1024 1069 1055 earum
1108 1013 1272 1067 proprie
1319 1011 1474 1054 dicitnr
1523 1009 1740 1063 absolutio,

105 1088 201 1144 quia
236 1096 411 1128 censura
447 1088 661 1140 reputatur
693 1083 743 1126 ad
781 1083 947 1125 modum
985 1082 1192 1137 ligaminis
1234 1081 1423 1124 solvendi
1460 1080 1508 1122 ad
1547 1082 1602 1122 rei
1641 1082 1739 1135 peti-

109 1159 273 1209 tionem,
308 1157 443 1198 statim
479 1167 526 1198 ac
561 1156 634 1197 iste
678 1155 897 1209 resipuerit
942 1152 1162 1208 simulque,
1197 1157 1401 1208 quatenns
1444 1164 1547 1206 opus
1579 1152 1646 1204 sit,
1678 1162 1740 1192 sa·

109 1229 319 1274 tistecerit.
357 1231 523 1283 propter
566 1225 674 1282 quod
720 1224 1031 1267 similitudinem
1071 1222 1190 1265 babet
1227 1236 1318 1265 cum
1355 1222 1614 1265 absolutione
1650 1234 1741 1277 pec-

107 1304 312 1342 catorum.

228 1370 296 1412 57.
333 1371 562 1415 Canones
594 1369 742 1413 Tituli
779 1369 936 1423 priores
976 1370 1217 1422 potestatem
1264 1364 1499 1407 remittendi
1546 1366 1650 1406 inter
1681 1364 1744 1406 di-

114 1454 255 1483 versos
287 1440 530 1495 Superiores
564 1437 868 1481 ecclesiasticos
901 1436 1162 1480 distributam
1199 1436 1434 1479 ostendunt.
1468 1435 1626 1477 l'rimns
1654 1436 1742 1491 qui-

112 1510 207 1553 dem
244 1522 333 1553 can.
371 1509 483 1552 2236
520 1508 701 1564 loquitur
734 1510 770 1550 in
807 1520 959 1564 genere
992 1508 1220 1549 secundnm
1258 1508 1384 1562 ipsius
1429 1507 1640 1562 potestatis
1675 1516 1744 1547 na-

116 1585 264 1633 turam,
289 1579 392 1623 alter
423 1592 511 1623 can.
535 1579 645 1621 2237
681 1579 896 1635 distinguit
931 1590 1019 1621 eam
1057 1580 1168 1621 iuxta
1204 1577 1449 1620 delictorum
1487 1578 1671 1618 notitiam
1707 1580 1745 1617 et

113 1664 337 1707 poenarum
373 1651 673 1694 diversitatem.
707 1650 946 1706 Sequuntur
978 1649 1060 1691 duo
1094 1648 1160 1691 alii
1193 1661 1372 1691 canones
1396 1648 1445 1690 de
1470 1647 1602 1689 modis
1626 1659 1744 1689 exer-

111 1722 231 1765 cendi
267 1720 502 1764 huiusmodi
540 1725 797 1777 potestatem,
824 1722 875 1763 ita
913 1725 955 1763 ut
988 1732 1076 1762 can.
1106 1719 1218 1762 2238
1242 1724 1358 1762 actus
1396 1718 1651 1760 validitatem
1687 1722 1745 1760 at-

113 1794 256 1848 tingat,
289 1792 394 1835 alter
430 1806 527 1835 vero
561 1805 649 1847 «ω.
672 1792 783 1834 2239
819 1791 998 1834 ostendit
1033 1793 1168 1847 potius
1201 1803 1323 1847 quani
1359 1788 1642 1831 diversimode
1677 1801 1744 1844 po-

113 1868 236 1907 testas
280 1863 514 1906 remittendi
561 1865 748 1906 exerceri
795 1864 932 1918 possit.
966 1859 1123 1906 Omnes
1155 1873 1333 1904 canones
1375 1860 1496 1902 liuius
1529 1858 1650 1902 Tituli
1695 1859 1746 1901 de

114 1935 255 1990 poenis
289 1936 368 1977 iain
401 1934 566 1976 intlictis
598 1938 740 1988 agunt,
765 1937 939 1989 excepto
966 1937 1173 1989 postremo
1197 1944 1286 1975 can.
1310 1931 1436 1983 2240,
1460 1932 1528 1987 qni
1555 1929 1744 1984 ostendit,

111 2018 291 2063 quonam
345 2005 541 2061 peculiari
589 2005 709 2047 inodo
754 2005 949 2047 serendae
993 2005 1221 2046 sententiae
1267 2015 1422 2056 poenae
1469 2005 1636 2057 propter
1678 2000 1748 2043 (le-

114 2075 253 2119 lictnm
299 2075 561 2119 solummodo
604 2075 784 2129 debitae,
837 2075 962 2118 veluti
1016 2077 1211 2117 remissae
1243 2074 1322 2116 dici
1370 2072 1505 2129 quoad
1555 2072 1744 2114 effectum

115 2152 298 2204 possunt.

233 2218 298 2261 58.
335 2219 544 2270 Quinam
588 2220 635 2262 in
678 2231 862 2275 genere
901 2218 1150 2263 remittere
1193 2218 1402 2272 possunt
1446 2213 1749 2256 ecclesiasticas

115 2290 298 2344 poenas?
333 2288 567 2345 Respondet
602 2288 696 2331 huic
730 2291 918 2345 quaesito
952 2301 1042 2329 cmi.
1069 2287 1295 2329 &ewini-i
1335 2287 1463 2328 veteri
1501 2284 1619 2341 plene
1653 2296 1748 2326 con-

113 2373 277 2416 gruens.
303 2360 332 2418 ἓ
356 2363 390 2403 1.
418 2358 622 2402 Remissio
654 2373 814 2416 poenae
849 2361 927 2401 iam
963 2357 1188 2407 declarata,
1222 2357 1308 2399 sive
1337 2370 1414 2413 pei·
1447 2354 1752 2398 absolutionem

115 2433 279 2486 proprie
312 2444 358 2474 ac
392 2430 562 2486 speciali
601 2429 802 2473 vocabulo
827 2429 950 2474 (licta,
975 2429 1012 2470 si
1035 2433 1192 2485 nyctim·
1214 2426 1265 2469 de
1287 2426 1493 2478 censuris,
1510 2439 1582 2468 seu
1610 2426 1752 2481 poenis

0 2509 5 2538 ἱ
116 2501 446 2554 medicinalibus,
479 2501 565 2543 sire
600 2514 676 2558 per
714 2499 1072 2558 dispensationem
1119 2497 1384 2554 peculiariter
1428 2498 1509 2550 liat,
1544 2496 1582 2538 si
1614 2508 1752 2538 sermo

113 2574 164 2615 sit
197 2571 247 2614 (le
276 2572 424 2629 poenis
460 2571 742 2622 vz'mlicatz'vis,
779 2576 896 2627 prout
943 2571 1018 2613 bae
1062 2570 1357 2612 discernuntur
1388 2581 1409 2611 a
1444 2568 1680 2624 penitentiis
1713 2570 1752 2608 et

116 2643 311 2686 remediis
346 2642 601 2699 poenalibus,
636 2642 787 2700 quibus
821 2641 1107 2685 condonamlis
1140 2652 1362 2683 commune
1397 2640 1650 2681 remissionis
1687 2650 1750 2678 vo>

115 2713 309 2757 cabulum
345 2713 533 2757 adhiberi
571 2718 714 2769 potest,
734 2715 766 2756 si
790 2713 1040 2770 quandoque
1075 2711 1170 2754 huic
1205 2710 1318 2753 locus
1351 2712 1415 2753 sit.
1449 2707 1750 2764 Quaecumque

117 2787 242 2841 igitur
274 2798 322 2827 ex
361 2784 583 2841 praedictis
611 2800 632 2824 «
658 2785 843 2826 remissio
867 2799 889 2823 »
913 2781 1082 2825 concedi
1107 2787 1269 2824 {siolum
1299 2786 1436 2838 potest
1473 2779 1504 2822 lo
1538 2778 1587 2821 ab
1610 2792 1656 2821 eo
1680 2777 1751 2835 qui

112 2869 292 2912 poenam
326 2854 439 2907 tulit,
463 2854 507 2911 a)
544 2860 627 2897 tum
664 2854 742 2910 legi
777 2853 959 2896 additam
996 2853 1102 2896 latae
1135 2854 1376 2902 sententiae,
1409 2850 1445 2905 h),
1480 2855 1565 2892 tum
1600 2847 1651 2891 ab
1684 2847 1752 2890 ho-

203 2945 297 2973 BLAT
320 2961 338 2967 -
365 2946 486 2973 Comm.
518 2945 601 2972 TeTl.
630 2943 705 2971 Cod.
730 2943 793 2971 Im·
832 2944 915 2970 Gan.
1650 2937 1667 2964 6
