1981 3182
202 136 269 169 140
670 139 752 172 Lm.
780 138 826 173 V.
856 159 868 164 -
903 139 1013 174 PARS
1039 140 1090 174 ΙΙ.
1120 161 1132 165 -
1158 141 1215 175 De
1234 143 1372 186 poenis
1501 140 1594 176 Can.
1624 141 1827 179 2265-2267
1939 0 1954 191 Ε

198 254 629 298 areommemit-alione
663 256 730 299 lali
766 256 851 312 fiat.
902 258 967 301 Sic
1018 261 1252 302 restrictum
1291 262 1401 316 viget
1444 274 1533 317 cap.
1569 262 1585 304 1
1633 277 1653 302 ι(
1676 262 1727 305 de
1771 276 1827 305 re-

198 327 400 381 scriptis»
439 325 481 380 (l.
509 326 549 381 3]
584 329 620 369 in
658 328 701 369 6⁰
737 328 803 371 ubi
838 330 894 371 ait
927 328 1050 386 Greg.
1087 329 1162 373 tx:
1203 346 1224 370 <‹
1244 329 1334 386 Ipso
1367 333 1455 374 iure
1489 336 1737 389 rescriptum
1766 334 1826 376 vel

200 409 417 451 processus
437 410 509 452 per
539 399 672 452 ipsum
698 397 883 441 habitum
910 413 987 442 non
1017 400 1163 453 valeat,
1187 403 1219 443 si
1245 401 1295 443 ab
1319 405 1683 447 excommunicato
1707 417 1831 460 super

197 465 276 508 alio
311 478 434 523 quam
470 471 915 512 excommunicationis
943 470 1002 513 vel
1039 471 1327 527 appellationis
1350 472 1525 515 articulo
1558 474 1677 516 fuerit
1704 476 1829 531 impe-

199 541 349 579 tratum
375 553 414 578 ».
449 536 557 580 Talis
595 551 692 582 vero
728 542 932 583 restrictio
967 542 1071 584 facta
1108 542 1181 584 fu'it
1217 545 1349 597 primo
1384 545 1420 585 in
1456 543 1620 587 Normis
1656 544 1833 600 peculia-

201 606 326 657 rIbus,
360 605 458 663 Cap.
494 607 556 661 ΙΙΙ,
592 622 630 651 n.
668 610 711 651 6Ο
738 610 764 651 ¹.

318 678 384 719 93.
424 680 632 735 Propria
685 681 969 727 differentia
1018 685 1144 728 inter
1191 687 1664 731 excommunicatum
1718 690 1832 742 post

199 751 493 794 sententiam
543 754 592 796 et
640 755 1113 798 excommunicatum
1163 756 1432 800 vitandum.
1477 781 1528 785 —
1574 755 1828 799 Relationem

200 818 323 862 babet
355 820 403 862 ad
454 834 567 863 nuni.
604 822 642 876 2,
673 821 711 876 {¹
753 822 798 874 li,
833 824 953 865 can.is
988 837 1122 880 praec.
1157 838 1334 882 sequens
1384 829 1699 883 praescriptum,
1734 830 1829 884 quia

199 889 296 931 dum
348 889 415 933 ille
448 891 684 934 considerat
727 896 1095 950 consequutionem
1142 898 1213 941 rei.
1250 895 1314 939 liic
1355 899 1522 952 respicit
1554 897 1719 940 easdem
1768 912 1832 941 res

200 962 279 1002 iam
317 974 535 1016 possessas.
576 961 797 1006 Videlicet:
835 963 936 1007 Post
969 966 1219 1008 sententiam
1256 966 1641 1010 eonslenznaioriam
1668 968 1730 1011 rel
1767 968 1833 1011 ‹le-

199 1031 476 1074 claraloriam
510 1035 547 1075 in
585 1046 720 1089 praec.
754 1036 800 1092 ξ’)
837 1036 879 1077 2ο
900 1036 1169 1091 declaratam,
1202 1040 1260 1081 sic
1294 1039 1690 1093 emerammiivatas,
1727 1040 1830 1083 ultra

199 1103 369 1145 ell'ectus
402 1103 440 1158 ξι
467 1104 518 1157 (21,
555 1111 693 1147 inane!
723 1106 932 1162 primitus,
968 1100 1250 1164 proindeipso
1277 1112 1378 1162 iure,
1401 1109 1609 1166 fructibus
1638 1112 1831 1168 equidem

199 1174 497 1230 temporalibus
529 1176 630 1219 alias
680 1179 958 1234 percipiendis
1005 1192 1128 1222 causa
1177 1180 1416 1237 (Ιίφηίῖαιίἶς,
1452 1182 1598 1238 officii,
1631 1181 1833 1239 beneficii,

195 1244 428 1301 pensionis.
465 1248 663 1301 tanneris,
699 1252 735 1290 si
784 1248 893 1305 quod
942 1243 1097 1292 borum
1140 1253 1175 1293 in
1219 1264 1309 1294 can.
1345 1264 1480 1308 praec.
1526 1252 1831 1296 declaratorum

200 1314 349 1357 haheat
375 1317 416 1359 in
441 1316 647 1373 Ecclesia,
673 1325 710 1361 el
737 1319 933 1362 m'lamlus
962 1336 984 1363 ((
1001 1325 1389 1365 excommunicatus
1414 1328 1551 1366 manet
1586 1326 1772 1380 privatus
1794 1340 1830 1379 ›>‚

202 1391 242 1429 ut
275 1401 412 1443 supra.
448 1389 517 1431 sed
554 1389 646 1446 ipsa
695 1390 916 1446 ‹li'qqnilaloe
953 1391 1108 1449 officio,
1150 1393 1359 1449 beneficio,
1389 1394 1603 1451 pensione.
1651 1409 1831 1450 inlinere,

201 1458 375 1501 ubilibet
407 1473 453 1502 ea
491 1462 710 1516 possideat.

320 1530 388 1573 94.
425 1533 811 1579 Communicatio
855 1537 901 1579 in
945 1537 1169 1592 profanis
1212 1540 1463 1593 prohibita
1496 1540 1680 1584 directe
1712 1540 1834 1584 fide—

201 1602 344 1647 libus.
370 1627 422 1631 —
447 1603 484 1645 S.
520 1603 562 1647 (j.
597 1606 635 1647 5.
670 1602 806 1648 Ollicii
833 1604 847 1626 ²
884 1608 1153 1662 interrogata:
1194 1623 1214 1647 (t
1238 1607 1397 1657 Utrum,
1423 1608 1556 1652 ablata
1591 1622 1831 1652 excommu-

201 1674 405 1715 nicatione
440 1676 586 1716 minori
623 1681 764 1718 contra
789 1690 872 1727 eos,
897 1680 964 1734 qui
991 1681 1301 1721 communicant
1333 1692 1425 1722 eum
1462 1683 1837 1723 excommunicatis

201 1746 443 1786 nominatim
478 1758 497 1788 a
533 1745 704 1788 Summo
748 1748 955 1797 l'ontilice,
991 1754 1210 1792 censeatur
1252 1752 1374 1792 etiam
1417 1750 1550 1794 ablata
1598 1751 1832 1807 probibitio.

200 1813 320 1870 Resp.
355 1815 570 1871 Negative.
605 1843 660 1847 ——
693 1820 843 1861 §Sinus
876 1819 1186 1875 adprobavit».
1223 1820 1333 1864 Haec
1371 1821 1605 1877 probibitio,
1639 1835 1745 1879 quae
1781 1825 1836 1865 in·

200 1885 356 1928 directe
390 1892 536 1942 gravat
573 1892 980 1933 excommunicatum
1027 1897 1063 1933 et
1108 1892 1157 1933 ad
1196 1894 1364 1947 profana
1400 1906 1589 1949 quaeque
1634 1896 1721 1936 iure
1765 1907 1832 1937 xe-

203 1958 276 1998 teri
302 1957 618 2009 extendebatur,
643 1962 701 2003 sic
737 1963 936 2003 retinetur
971 1965 1081 2004 iuxta
1121 1962 1234 2005 verbi
1271 1965 1564 2019 proprietatem
1601 1965 1833 2008 iuridicam.

206 2026 304 2070 Can.
330 2030 470 2073 3967.
499 2055 549 2059 —
579 2029 917 2075 Commimionem
953 2033 992 2074 in
1026 2032 1235 2090 prosilitis.
1278 2050 1296 2074 ((
1320 2037 1424 2077 sicut
1461 2037 1497 2077 in
1536 2035 1678 2085 verbo,
1707 2036 1767 2078 vel
1794 2038 1832 2078 in

203 2099 357 2150 osculo,
387 2100 447 2142 vel
485 2104 522 2143 in
559 2115 756 2156 mensa»,
781 2117 868 2145 eum
895 2105 1250 2147 eoeeommzmz'ealo
1286 2105 1456 2148 z‘i'lumlo
1489 2106 1749 2149 solummodo
1783 2106 1833 2149 ad

202 2183 387 2213 normam
423 2184 512 2214 can.
550 2172 676 2226 25ἷῇ8,
711 2174 729 2227 ξ
762 2178 802 2227 2,
827 2174 969 2230 fideles
1002 2175 1211 2219 Ecclesiae
1244 2177 1397 2219 subditi
1435 2177 1568 2219 vilare
1600 2176 1760 2231 dehent,
1785 2191 1833 2221 eo

201 2242 307 2297 quod
346 2244 382 2284 in
418 2255 514 2285 casu
547 2259 565 2283 α
590 2246 821 2300 corporalia
845 2246 895 2289 ad
920 2247 1148 2302 spiritualia
1175 2248 1432 2290 ordinantur.
1459 2248 1504 2291 Et
1531 2249 1621 2291 ideo
1658 2254 1834 2305 potestas

201 2324 307 2369 quae
341 2326 382 2355 se
417 2315 601 2357 extendit
636 2316 685 2358 ad
722 2316 967 2372 spiritualia,
1000 2320 1122 2360 etiam
1158 2319 1207 2361 ad
1248 2319 1477 2374 corporalia
1522 2333 1565 2362 se
1607 2320 1832 2363 extendere

202 2387 355 2438 potest:
400 2386 504 2427 sicut
549 2398 615 2428 ars
659 2400 765 2443 quae
798 2393 855 2430 est
891 2388 941 2431 de
976 2389 1055 2430 line
1101 2391 1274 2444 imperat
1310 2390 1360 2432 de
1402 2389 1463 2432 liis
1505 2403 1610 2447 quae
1654 2396 1745 2433 sunt
1781 2390 1830 2433 ad

201 2455 322 2496 linem
348 2470 370 2494 >>
400 2454 428 2498 3.
469 2454 760 2500 Verumtamen
807 2461 843 2500 in
892 2458 1064 2502 Decreto
1102 2458 1225 2515 Greg.
1264 2459 1327 2502 Vll
1366 2462 1402 2502 in
1438 2474 1525 2516 cap.
1567 2478 1587 2501 «
1611 2462 1830 2515 Quoniam,

201 2527 345 2582 inquit,
382 2526 531 2569 multos
567 2531 746 2582 peccatis
781 2532 929 2572 nostris
963 2530 1226 2586 exigentibus
1251 2545 1323 2587 pro
1347 2544 1470 2574 cansa
1495 2534 1830 2575 excommunica-

199 2597 321 2637 tionis
355 2599 489 2652 perire
515 2599 699 2654 quotidie
723 2602 946 2654 cernimus,
972 2603 1118 2656 partim
1146 2603 1390 2657 ignorantia,
1415 2606 1561 2658 parlim
1588 2605 1711 2645 nimia
1735 2605 1832 2645 sim·

318 2750 327 2770 ¹
357 2749 460 2783 Ordo
499 2751 715 2786 servandus
745 2753 783 2786 in
816 2752 883 2786 SS.
914 2753 1316 2798 Congregationibus‚
1353 2755 1646 2792 Tribunalibus.
1683 2753 1831 2789 Officiis

200 2796 397 2830 Romanae
425 2797 577 2840 Curiae.
607 2799 652 2831 29
680 2799 786 2843 Sept..
818 2801 920 2834 1908.
952 2801 1027 2836 CO.
1055 2801 1084 2836 I.
1115 2802 1172 2835 ⁴31.
1214 2823 1254 2826 —
1286 2802 1298 2823 ²
1324 2803 1346 2835 ‘2
1373 2804 1474 2847 Aug.
1508 2804 1609 2837 1893.
1641 2803 1829 2837 collecta-

201 2854 273 2876 nea
301 2843 338 2877 S.
369 2844 408 2877 C.
440 2844 485 2878 de
513 2845 554 2878 P.
586 2846 626 2878 F.
657 2858 695 2879 n.
728 2848 829 2881 1844.
874 2869 914 2872 —
954 2850 968 2869 ²³
1004 2849 1050 2882 D.
1086 2849 1156 2882 Th.
1197 2850 1234 2882 in
1272 2849 1464 2894 Supplem.
1495 2855 1644 2894 quaest.
1664 2850 1826 2898 AXIH,

199 2897 275 2924 art.
305 2893 337 2931 1,
366 2891 413 2924 ad
441 2894 487 2925 1¹¹³
516 2898 555 2926 et
581 2893 628 2926 ad
654 2894 716 2927 ΞΠ).
