1981 3182
505 130 588 164 ΤΠ.
614 129 680 162 XL

712 149 720 153 -
750 129 805 162 De
831 129 986 163 delictis
1011 131 1146 162 contra
1173 128 1288 172 fidem
1315 129 1380 161 etc.
1691 126 1756 160 197

131 249 268 293 ricalis
304 248 366 292 vel
400 248 581 305 religiosi
606 264 645 289 ».
671 247 779 290 lnter
802 246 876 289 hos
906 246 1073 303 quidam
1109 245 1369 288 solummodo
1404 250 1566 301 patrare
1599 249 1756 301 queunt

125 321 315 369 crimina,
349 331 454 375 quae
498 319 680 362 continet
719 315 921 359 «Titulus
954 314 1095 358 xvnt.
1139 315 1193 357 De
1232 314 1392 358 delictis
1436 317 1473 357 in
1518 313 1755 368 collatione,

126 391 389 445 susceptione
432 393 471 431 et
515 388 756 431 dimissione
806 386 1070 442 dignitatum,
1104 386 1333 427 officiorum
1378 389 1417 427 et
1460 383 1755 427 beneficiorum

131 458 507 503 ecclesiasticorum
533 474 571 499 >x
608 457 781 501 Demum
819 459 1020 499 minorem
1061 468 1278 498 numerum
1325 467 1607 511 personarum,
1644 455 1758 497 vide-

131 529 226 573 licet
256 534 299 572 ut
334 529 556 585 plurimum
582 529 825 583 Superiores
858 525 1160 569 ecclesiasticos
1192 526 1317 568 afficit
1345 524 1546 567 «Titulus
1571 523 1674 566 xix.
1699 523 1758 567 De

126 600 256 643 abusu
293 601 504 656 potestatis
541 598 602 641 rel
637 599 759 640 otlicii
795 597 1063 640 ecclesiastici
1089 611 1128 640 ›>.

777 772 1010 810 'riTULUS
1042 772 1110 808 XI.

307 863 372 906 De
405 863 588 905 delictis
621 863 787 905 eontra
824 860 962 903 fidem
995 862 1041 902 et
1074 860 1303 902 unitatem
1336 859 1583 904 Ecclesiae.

177 982 261 1020 CAN.
291 981 395 1018 2314.
429 1003 450 1009 -
481 987 500 1025 ἓ
532 983 559 1016 1.
589 981 722 1017 Omnes
751 993 770 1016 a
801 981 908 1016 chris-

129 1031 226 1067 tiana
244 1031 310 1066 fide
328 1035 504 1076 apostatae
522 1035 553 1065 et
572 1040 694 1065 omnes
721 1034 752 1064 et
779 1029 907 1073 singuli

131 1078 291 1114 haeretici
318 1082 378 1113 aut
403 1077 616 1113 schismatici
637 1088 643 1110 :

227 1126 261 1160 1⁰
285 1126 474 1160 Incurrunt
504 1125 578 1170 ipso
606 1126 694 1159 tacto
711 1134 909 1159 excommu-

130 1172 364 1214 nicationem;

226 1219 261 1254 20
286 1218 358 1254 Nisi
387 1218 507 1254 moniti
536 1218 758 1270 resipuerint,
778 1217 910 1263 [1111311-

131 1271 186 1302 101
205 1267 382 1307 beneficio,
403 1266 585 1311 dignitate,
606 1276 784 1311 pensmne
801 1265 910 1300 officio

129 1314 242 1350 aliove
268 1324 426 1354 munere,
443 1325 470 1348 si
499 1314 588 1358 quod
618 1313 652 1347 in
682 1311 831 1348 Ecclesia
856 1313 910 1347 113-

132 1361 245 1402 beant
275 1362 424 1396 infames
459 1361 692 1400 declarentur
720 1364 752 1395 et
778 1360 905 1395 clerici

134 1409 255 1443 iterata
282 1408 485 1451 monitione,
514 1409 755 1453 deponantur;

226 1455 264 1489 3⁰
288 1454 322 1490 Si
343 1459 454 1490 sectae
471 1454 682 1490 acatholicae
710 1465 838 1489 nomen
858 1454 911 1488 dc-

131 1502 248 1537 derint
263 1502 312 1538 vel
331 1502 466 1547 publice
479 1502 714 1542 adhaeserint,
735 1501 806 1547 ipso
822 1501 911 1536 sacto

134 1549 282 1585 infames
308 1554 391 1584 sunt
408 1554 451 1589 et,
473 1548 570 1583 firmo
599 1550 808 1602 praescripto
834 1559 911 1584 can.

139 1596 214 1635 188
244 1607 279 1631 11.
298 1595 332 1639 4,
360 1596 487 1636 cleriei.
514 1597 706 1631 monitione
733 1596 909 1631 incassum

134 1644 335 1689 praemissa,
361 1643 605 1688 degradentur.

178 1694 198 1732 ξ
223 1689 256 1724 2.
287 1690 467 1726 Absolutio
488 1690 532 1725 ab
551 1691 911 1726 excommunicatione

129 1737 172 1772 de
198 1737 318 1783 quain
340 1741 359 1780 ξ
384 1738 411 1778 l,
434 1738 468 1772 in
491 1738 561 1773 toro
586 1737 820 1773 conscientiae
848 1737 910 1771 im-

133 1785 324 1830 pertienda,
353 1790 404 1820 est
429 1785 569 1830 speciali
599 1785 699 1820 modo
726 1784 804 1819 Sedi
826 1785 912 1830 Apo-

131 1832 272 1867 stolicae
309 1836 494 1868 reservata.
523 1832 558 1867 Si
591 1837 706 1867 tamen
745 1832 909 1867 delictum

131 1878 337 1924 apostasiae,
369 1879 520 1915 haeresis
560 1880 609 1914 vel
643 1879 842 1914 schismatis
868 1880 909 1913 ad

135 1927 246 1961 torum
272 1931 452 1962 externum
481 1924 658 1962 Ordinarii
696 1927 757 1962 loci
790 1926 912 1972 quovis

134 1973 234 2008 niodo
260 1973 446 2009 deductum
488 1974 600 2012 fuerit,
631 1974 736 2009 etiam
771 1985 828 2019 per
856 1985 911 2008 vo-

133 2020 320 2056 luntariam
348 2021 616 2065 confessionem,
647 2021 736 2056 idem
765 2020 913 2057 Ordina-

132 2067 215 2108 rius,
244 2078 313 2102 non
342 2079 420 2103 vero
451 2067 606 2103 11031105
631 2069 806 2113 generalis
836 2068 912 2103 sine

134 2115 298 2150 mandato
311 2114 465 2161 speciali.
484 2115 756 2161 resipiscentem,
774 2115 913 2161 praevia

132 2162 352 2198 abiuratione
367 2162 511 2198 iuridice
527 2168 664 2208 peracti
681 2163 828 2209 aliisque
847 2174 912 2198 ser

135 2209 222 2244 vatis
247 2209 289 2244 de
315 2209 389 2245 iure
426 2210 619 2251 servandis,
648 2222 710 2246 sua
735 2211 913 2245 actoritate

132 2256 310 2292 ordinaria
349 2257 383 2291 in
425 2257 496 2292 foro
534 2257 700 2293 exteriore
737 2257 913 2293 absolvere

136 2308 266 2350 potest;
288 2304 335 2339 ita
354 2315 432 2339 vero
449 2304 642 2348 absolutus,
661 2309 770 2350 potest
788 2305 914 2339 deinde

131 2363 151 2386 a
171 2355 308 2396 peccato
332 2351 465 2387 absolvi
485 2362 505 2387 a
523 2351 676 2397 quolibet
702 2352 914 2387 confessario

135 2398 169 2432 in
191 2398 262 2434 soro
280 2399 529 2434 conscientiae.
551 2399 731 2434 Abiuratio
758 2410 836 2435 vero
860 2399 913 2433 ha-

134 2445 234 2481 betur
271 2445 418 2481 iuridice
457 2451 595 2492 peracta
633 2457 711 2481 cum
735 2446 771 2481 fit
797 2457 912 2481 coram

136 2493 143 2526 i
150 2503 209 2538 pso
227 2490 415 2528 Ordinario
443 2493 503 2528 loci
534 2493 584 2528 vel
611 2493 687 2528 eius
710 2493 864 2539 delegato
881 2498 913 2528 et

133 2539 256 2575 53113111
283 2540 420 2575 duobus
446 2540 604 2576 testibus.

182 2586 265 2639 CAN.
292 2585 396 2623 2315.
424 2608 441 2612 -
469 2586 657 2633 Suspectus
691 2587 733 2622 de
766 2587 912 2627 haeresi,

134 2644 194 2679 qui
213 2634 367 2669 monitus
385 2645 527 2670 causam
547 2634 756 2679 suspicionis
777 2645 845 2669 non
866 2645 913 2670 re·

135 2686 289 2722 111ον331,
307 2681 442 2717 33111105
476 2681 641 2727 legitimis
678 2681 912 2726 prohibeatur,

129 2732 168 2763 et
194 2728 341 2764 clericus
367 2733 554 2774 praeterea,
574 2729 720 2781 repetita
746 2728 915 2763 inutiliter

136 2775 342 2818 monitione,
363 2776 634 2822 suspendatura
652 2775 802 2817 (11111115ς
824 2777 913 2821 quod

137 2822 164 2857 si
192 2822 283 2858 intra
310 2834 365 2858 sex
395 2833 531 2858 menses
556 2834 576 2858 a
602 2827 778 2858 contracta
806 2833 913 2868 poena

136 2870 324 2915 completos
366 2875 546 2916 suspe(tns
584 2870 626 2905 de
668 2869 798 2905 haeresi
842 2881 915 2905 sese

983 992 1052 1015 non
1092 980 1342 1017 emendaverit,
1376 980 1543 1015 habeatur
1580 984 1758 1025 tamquam

983 1028 1187 1068 haereticus,
1215 1028 1464 1063 haereticorum
1504 1027 1621 1072 poenis
1653 1027 1758 1062 obno-

983 1087 1071 1110 Xlus.

1032 1123 1115 1157 Can.
1146 1121 1249 1156 2316.
1270 1142 1285 1146 —
1307 1121 1373 1165 Qui
1401 1131 1539 1166 quoquo
1566 1121 1666 1156 modo
1685 1121 1761 1156 hae-

983 1170 1068 1205 resis
1097 1169 1377 1215 propagationem
1406 1173 1529 1214 sponte
1554 1173 1586 1203 et
1612 1169 1761 1204 scienter

984 1218 1090 1258 iurat,
1115 1221 1172 1251 aut
1201 1217 1258 1261 qui
1293 1216 1528 1251 communicat
1562 1215 1596 1249 in
1631 1215 1761 1250 divinis

983 1275 1062 1299 cum
1079 1263 1259 1299 haereticis
1272 1268 1392 1298 contra
1412 1263 1660 1309 praescriptum
1680 1273 1758 1297 can.

989 1310 1086 1351 11258,
1118 1316 1297 1356 suspectus
1323 1311 1363 1345 de
1391 1310 1521 1345 haeresi
1549 1314 1612 1345 est.

1032 1358 1115 1393 (jas.
1142 1357 1243 1393 2:517.
1279 1378 1302 1383 -
1338 1357 1561 1392 Pertinaciter
1599 1357 1760 1392 docentes

986 1406 1035 1440 131
1063 1405 1288 1440 defendentes
1315 1405 1385 1439 sive
1407 1404 1541 1449 publice
1559 1404 1629 1439 sive
1650 1404 1760 1448 priva-

984 1453 1046 1487 tim
1066 1453 1275 1491 doctrinam,
1297 1463 1384 1495 quae
1402 1452 1445 1486 ab
1465 1451 1660 1497 Apostolica
1674 1451 1761 1486 Sede

986 1501 1035 1535 vel
1063 1512 1081 1535 a
1110 1499 1266 1535 Concilio
1293 1499 1453 1533 Generali
1493 1499 1659 1533 damnata
1689 1498 1762 1544 qui-

984 1548 1062 1582 dem
1092 1548 1167 1589 tuit,
1196 1547 1253 1582 sed
1281 1557 1351 1581 non
1385 1546 1431 1580 uti
1470 1546 1659 1581 formaliter
1685 1546 1762 1581 hae-

986 1596 1101 1635 retica,
1128 1598 1312 1629 arceantur
1349 1605 1368 1628 a
1409 1593 1601 1628 ministerio
1632 1593 1761 1638 praedi·

984 1643 1084 1677 candi
1107 1642 1248 1677 rerbum
1268 1641 1323 1676 Dei
1343 1640 1551 1675 audiendive
1569 1651 1762 1675 sacramen-

985 1690 1070 1724 tales
1096 1689 1331 1724 contessiones
1357 1693 1390 1722 et
1407 1699 1427 1722 3
1445 1688 1598 1733 quolibet
1616 1687 1759 1723 docendi

987 1747 1142 1772 munere.
1171 1736 1275 1771 salvis
1308 1736 1387 1770 aliis
1422 1735 1540 1781 poenis
1574 1746 1660 1780 quas
1689 1746 1764 1769 sen-

986 1784 1093 1819 tentia
1120 1783 1358 1818 damnationis
1395 1783 1479 1817 forte
1511 1782 1681 1825 statuerit,
1712 1783 1762 1817 vel

985 1842 1071 1876 quas
1098 1829 1319 1868 Ordinarius.
1348 1835 1422 1875 post
1450 1830 1691 1869 monitionem,
1708 1840 1763 1864 ne-

984 1879 1151 1913 cessarias
1193 1878 1234 1912 ad
1278 1877 1511 1922 reparandum
1558 1877 1762 1911 scandalum

984 1926 1132 1960 duxerit.

1033 1973 1116 2009 CAN.
1142 1971 1246 2006 2:318.
1271 1991 1286 1997 -
1316 1975 1334 2013 ἓ
1366 1971 1393 2008 l.
1420 1970 1457 2005 ln
1483 1971 1762 2006 excommunica-

985 2020 1114 2055 tionem
1143 2019 1220 2054 Sedi
1250 2018 1466 2064 Apostolicae
1492 2018 1630 2064 speciali
1663 2018 1763 2052 modo

986 2071 1193 2102 resen-amm
1214 2067 1298 2118 ’ipso
1326 2066 1413 2101 sacto
1439 2065 1636 2107 incurrunt,
1662 2075 1762 2110 opere

988 2114 1114 2160 puhli‹i
1156 2113 1240 2148 iuris
1281 2113 1382 2153 facto
1410 2112 1557 2148 editores
1595 2112 1761 2147 librorum

985 2166 1234 2214 apostatarum
1264 2160 1514 2195 haereticorum
1540 2164 1573 2195 et
1599 2160 1763 2194 schisma-

986 2210 1144 2244 licor-,nm
1164 2208 1461 2254 quiapostasiam
1476 2207 1660 2247 haeresim
1677 2206 1763 2241 schi-

986 2268 1061 2291 sma
1081 2259 1314 2301 propugnant
1332 2255 1484 2300 itemque
1501 2254 1638 2289 eosdem
1654 2236 1763 2289 libros

985 2304 1113 2339 3110513
1154 2314 1211 2348 per
1248 2303 1455 2348 apostolicas
1495 2302 1625 2336 litteras
1656 2301 1762 2336 nomi-

988 2351 1096 2385 natim
1128 2349 1316 2395 prohibitos
1335 2349 1560 2385 defendentes
1579 2353 1637 2383 aut
1656 2349 1764 2384 scien-

987 2404 1037 2433 ter
1063 2408 1138 2432 5103
1164 2397 1279 2432 dehita
1306 2397 1446 2432 licentia
1475 2397 1626 2441 legentes
1645 2396 1762 2431 113113-

987 2447 1150 2480 11030135.

1035 2496 1053 2534 ξ
1080 2493 1112 2526 ·2.
1144 2493 1309 2527 Δ10310135
1342 2495 1374 2526 31
1408 2491 1556 2526 editores
1591 2489 1662 2535 qui,
1688 2490 1764 2525 sine

987 2540 1102 2575 dehita
1130 2539 1269 2574 licentia
1299 2549 1476 2573 sacr-irum
1504 2537 1785 2583 Scripturarum,

989 2587 1093 2622 libros
1112 2586 1166 2621 vel
1186 2597 1305 2621 earum
1324 2585 1566 2620 adnotationes
1590 2588 1650 2619 ant
1675 2596 1764 2620 com-

988 2633 1176 2669 mentarios
1191 2632 1344 2679 imprimi
1360 2637 1496 2672 cur,ant
1511 2631 1696 2666 incidunt
1689 2643 1764 2677 ipso

989 2681 1101 2716 facto
1097 2692 1128 2714 in
1149 2680 1545 2715 excommunicationem
1566 2679 1762 2714 1130110113-

988 2733 1170 2764 servatam.

1036 2774 1119 2810 CAN.
1150 2773 1254 2809 2319.
1283 2795 1304 2801 -
1330 2779 1349 2817 ξ
1382 2775 1389 2808 l
1439 2774 1595 2809 Suhsunt
1629 2784 1762 2808 excom-

988 2822 1216 2857 municationi
1246 2822 1334 2857 latae
1360 2821 1554 2857 sententiae
1576 2819 1765 2856 Ordinatio

987 2874 1180 2904 reservatae
1206 2869 1383 2905 catholici:
