1981 3182
0 0 42 150 E:
827 63 829 65 .
979 45 987 62 (

2 147 19 186 [ς
166 138 262 174 s'nn.
289 137 494 171 2390-2391
546 136 630 171 T1T.
658 136 807 169 XVIII.
837 155 849 161 -
876 135 932 170 De
957 137 1031 170 del.
1053 139 1095 170 in
1121 136 1207 170 coll.
1228 137 1309 170 ben.
1329 137 1416 170 eccl.
1726 136 1794 171 307

170 256 209 311 b)
242 262 389 299 contra
423 255 658 298 libertatem
692 254 1048 310 canoniea·m,qua
1084 254 1257 297 ecclesia
1291 254 1473 311 gaudere
1506 254 1627 298 debet
1651 257 1689 297 in
1711 257 1796 298 suis

168 326 369 383 collegiis,
404 329 444 380 0)
479 326 713 368 immiscere
735 325 845 383 quod
874 329 1037 367 vetatur
1072 327 1108 367 in
1144 338 1232 368 ean.
1257 327 1324 369 clt.
1354 324 1397 381 d)
1418 325 1795 382 praesumpserint,

170 399 297 454 igitur
330 397 378 440 ad
414 409 600 439 normam
635 408 724 439 can.
762 395 887 449 2229,
912 394 938 449 ξ
966 395 1010 447 2;
1047 408 1123 437 non
1159 400 1294 438 autem
1331 394 1386 437 illi
1422 397 1649 451 puniuntur
1682 408 1796 451 prae-

167 469 273 511 senti
307 480 480 518 canone,
504 466 573 510 sed
610 471 797 522 respectu
823 465 962 508 habito
985 465 1033 508 ad
1060 464 1294 508 huiusmodi
1329 466 1644 509 determinatam
1671 470 1796 509 trans-

168 529 444 595 gressionem,
479 536 510 579 1⁰
544 536 743 579 electores
776 535 927 592 singuli
962 535 1033 592 qui
1067 534 1172 577 lianc
1207 535 1794 590 1'1111121'oete'onema)sollieita-

168 607 306 651 eerint
340 607 559 650 excitando
601 606 726 649 laicos
774 606 834 649 vel
879 605 1135 661 saecularem
1182 610 1436 661 potestatem,
1478 605 1519 662 b)
1560 605 1620 648 vel
1651 611 1797 663 sponte

169 682 192 721 i.
228 692 263 722 e.
298 681 385 721 sine
423 680 475 730 vi,
511 682 620 720 metu
667 682 735 720 aut
784 676 876 719 dolo
927 676 1081 719 inflicto
1123 675 1373 718 admiserint
1417 676 1507 719 illos
1539 690 1627 719 sese
1661 678 1793 718 immi·

168 755 329 793 scentes
365 755 405 792 ut
438 761 576 805 supra,
610 748 699 805 ipso
732 746 846 804 facto
880 747 1182 789 sollicitationis
1227 747 1288 790 vel
1335 748 1596 789 admissionis
1640 748 1797 803 praedi-

168 825 344 873 ctarum,
378 825 501 877 atque
536 818 627 861 illae
661 820 843 861 actiones
887 824 979 860 sunt
1021 817 1169 860 delicta
1215 831 1286 873 pro
1326 817 1476 874 quibus
1506 818 1666 874 privati
1699 823 1796 860 sunt

165 904 244 949 pro
278 905 327 934 ea
359 890 446 933 vice
479 891 728 946 provisionis
755 902 825 944 per
848 888 1092 932 electionem
1120 888 1211 931 iure
1242 888 1440 945 eliyemli,
1464 889 1571 945 quod
1597 891 1797 931 accrescit

168 963 318 1005 ceteris
350 960 599 1004 electoribus
624 973 700 1002 non
726 959 1086 1016 delinquentibus3
1121 972 1168 1002 ac
1193 958 1243 1001 110
1268 959 1339 1016 qui
1365 972 1457 1001 rere
1480 973 1582 1000 suae
1604 958 1797 1001 electioni

171 1032 318 1075 taliter
349 1032 490 1088 factae
526 1030 706 1074 seilicet:
752 1044 844 1073 cnm
888 1030 1097 1087 praedicta
1143 1032 1402 1072 immixtione
1448 1029 1579 1071 laicali
1619 1030 1798 1071 scienter

169 1103 304 1160 quoad
355 1102 431 1145 hoc
480 1101 694 1144 electionis
730 1103 873 1143 titium
909 1100 1167 1143 consenserit
1205 1105 1375 1143 externe
1418 1100 1585 1156 quidem
1620 1100 1668 1142 ad
1705 1113 1796 1141 nor-

172 1186 280 1217 mam
314 1185 404 1216 can.
441 1172 536 1214 175.
571 1171 615 1227 fit
649 1170 704 1214 ad
736 1171 910 1228 officiam
960 1171 1019 1213 cel
1063 1170 1317 1226 beneficium,
1351 1173 1492 1213 stricto
1536 1184 1655 1213 sensu
1691 1172 1799 1213 aeci-

170 1244 319 1302 piendo
355 1248 578 1300 utrumque
612 1243 660 1285 ad
698 1256 882 1285 normam
919 1256 1010 1285 can.
1050 1242 1143 1295 1415,
1182 1242 1307 1293 1409,
1341 1241 1391 1283 de
1423 1255 1501 1298 qao
1535 1240 1694 1298 aqilnr,
1718 1254 1796 1283 non

168 1311 335 1369 adalia,
359 1314 450 1372 ipso
472 1313 586 1372 facto
612 1312 827 1363 inhabilis,
851 1313 1031 1356 scilicet:
1063 1312 1112 1355 ad
1142 1312 1319 1355 validam
1346 1314 1648 1368 susceptionem
1676 1311 1797 1354 illius.

170 1385 278 1441 Ergo
313 1385 377 1428 bic
410 1397 540 1428 canon
577 1397 654 1426 non
691 1388 749 1427 est
783 1384 1072 1427 extendendus
1096 1383 1145 1426 ad
1170 1382 1272 1426 alias
1305 1383 1527 1425 electiones
1560 1384 1753 1440 quamvis
1776 1394 1797 1425 3

170 1456 345 1512 collegio
379 1455 627 1499 clericorum
667 1454 728 1497 rel
766 1454 1055 1509 religiosorum
1092 1458 1279 1510 peractas
1312 1467 1360 1496 ex
1396 1466 1484 1496 can.
1511 1453 1638 1506 2219,
1661 1455 1687 1509 ,ξ
1720 1453 1743 1495 3
1770 1453 1798 1507 ¹,

172 1530 247 1571 nisi
282 1528 462 1570 officium
498 1526 644 1570 babeat
680 1520 920 1583 potestatem
956 1525 1098 1568 saltem
1135 1525 1450 1577 dominatirain,
1484 1536 1562 1581 qua
1598 1526 1636 1566 in
1671 1523 1799 1580 hypo-

172 1599 275 1642 tliesi
310 1601 432 1641 etiam
470 1597 805 1653 interpretamius
837 1597 887 1639 de
924 1595 1192 1652 religionibus
1232 1594 1445 1638 laicalibus
1482 1608 1529 1638 ae
1565 1594 1797 1648 mulierum,

171 1684 220 1713 eo
253 1669 362 1726 quod
390 1668 499 1726 (can.
525 1668 668 1726 1422&
694 1667 735 1724 2)
765 1684 783 1707 ((
809 1682 857 1710 ex
884 1672 1078 1710 contextu
1103 1668 1306 1709 sermonis
1329 1670 1523 1721 appareat
1548 1681 1567 1705 »
1607 1665 1799 1721 idipsum,

171 1753 221 1783 ne
259 1740 432 1783 verbum
474 1739 855 1795 «religiosorum»
897 1738 1096 1781 inutiliter
1119 1742 1189 1780 aut
1214 1739 1437 1792 improprie
1468 1738 1641 1792 positum
1677 1738 1727 1778 sit
1762 1738 1799 1778 in

171 1824 342 1855 canone.

293 1881 390 1924 236.
426 1883 624 1934 Electio,
647 1895 743 1926 non
778 1884 980 1926 servata
1012 1881 1174 1925 forma
1207 1880 1535 1930 substantiali,
1559 1881 1607 1923 et
1630 1882 1802 1923 contra

173 1954 495 2010 designantes
517 1954 730 1998 scienter
753 1966 1019 2008 personam
1043 1952 1310 2006 indignam.
1336 1975 1387 1978 —
1413 1949 1523 1991 Sicut
1550 1948 1802 2004 praecedens

172 2036 303 2067 canon
330 2037 401 2080 pro
424 2026 621 2066 canoniea
647 2023 896 2066 electionum
924 2022 1113 2065 libertate
1136 2023 1383 2064 constitutus
1412 2025 1485 2072 est,
1509 2022 1567 2062 sic
1591 2019 1803 2062 electionis

174 2094 475 2151 legitimitatem
513 2096 689 2150 protegit
723 2108 813 2135 eam
848 2095 980 2136 9391.
1014 2092 1041 2149 ἓ
1080 2093 1113 2134 1.
1152 2090 1378 2147 Colleyi'wn
1417 2093 1563 2146 ipsum,
1599 2103 1676 2132 non
1711 2103 1803 2132 eon-

172 2165 364 2208 sideratis
397 2163 571 2220 singulis
604 2163 866 2216 electoribus,
894 2162 1002 2220 qnod
1028 2161 1243 2219 indiqnam
1270 2160 1501 2204 subiectum
1526 2160 1705 2202 scienter
1727 2158 1803 2201 ele-

169 2235 297 2293 yerit,
330 2248 436 2293 quae
479 2236 651 2278 scientia
694 2235 873 2278 diversis
918 2232 1230 2290 probationibus
1274 2237 1462 2274 constare
1502 2235 1644 2287 potest,
1679 2235 1802 2287 atque

174 2308 463 2363 praesumitur,
499 2306 666 2363 quando
701 2306 897 2349 fundatur
933 2305 1155 2360 indignitas
1190 2306 1227 2345 in
1267 2319 1287 2343 (ι
1314 2302 1401 2358 lege
1435 2306 1503 2344 aut
1539 2314 1665 2357 poena
1691 2305 1801 2344 certa

173 2381 244 2421 aut
277 2379 314 2420 in
351 2378 457 2420 facto
490 2376 609 2420 electi
643 2379 803 2419 notorio
828 2392 848 2417 »
886 2375 936 2418 ad
972 2387 1157 2417 normam
1194 2387 1285 2417 can.
1318 2374 1381 2423 16,
1414 2372 1442 2430 g>
1476 2372 1520 2425 2;
1556 2372 1644 2429 ipso
1680 2373 1804 2427 igitur

167 2448 384 2505 ⁴praefatae
426 2447 640 2491 electionis
670 2446 785 2505 sacto
820 2446 1040 2503 collegium
1074 2446 1272 2502 privatur
1302 2457 1380 2501 pro
1414 2457 1461 2485 ea
1496 2443 1593 2490 viee,
1626 2442 1803 2485 scilicet:

176 2532 249 2576 pro
272 2531 318 2563 ea
342 2519 464 2562 officii
491 2520 742 2575 provisione,
766 2517 860 2560 iare
882 2517 937 2559 ad
962 2530 1105 2559 nocam
1141 2515 1382 2558 electionem
1412 2512 1666 2571 procedendi
1690 2514 1803 2569 equi-

176 2590 270 2634 dem
306 2589 456 2633 valide.

293 2720 304 2741 ¹
332 2719 425 2753 Can.
453 2720 559 2761 2219,
588 2723 607 2761 ξ
633 2719 667 2752 3.
696 2718 781 2752 Non
811 2718 906 2752 lieet
926 2729 1088 2762 poenam
1116 2716 1161 2749 de
1187 2726 1352 2760 persona
1377 2714 1424 2748 ad
1450 2725 1653 2758 personam
1673 2712 1734 2747 vel
1753 2711 1799 2745 de

173 2777 266 2800 casu
305 2765 352 2800 ad
390 2777 522 2800 casum
560 2766 783 2811 producere,
816 2766 998 2810 quamvis
1026 2776 1093 2808 par
1119 2763 1224 2797 adsit
1251 2763 1363 2801 ratio,
1392 2763 1466 2795 imo
1493 2760 1659 2805 gravior,
1691 2759 1800 2793 salvo

175 2818 306 2847 tamen
332 2814 570 2858 praescripto
597 2825 683 2847 ean.
713 2814 819 2846 2231.
