1981 3182
205 112 271 154 102
668 109 751 141 Lm.
778 107 824 141 V.
855 127 866 132 -
893 106 1003 140 PARS
1029 104 1081 139 ΙΙ.
1110 125 1122 130 -
1149 104 1206 138 De
1225 105 1363 149 poenis
1617 100 1710 136 Can.
1739 99 1834 135 2246

321 229 389 271 70.
426 228 795 274 Reservationis
829 226 1085 276 institutio,
1108 224 1452 279 interpretatio
1475 225 1626 278 atque
1658 222 1835 265 virtua-

203 304 331 346 litas.
365 325 408 330 -
435 299 492 341 De
517 298 593 340 hoc
617 298 817 340 canonico
838 297 1023 338 instituto
1044 294 1178 350 placet
1199 294 1351 336 referre
1372 291 1499 335 verba
1522 290 1672 334 Bened.
1694 288 1782 332 XlV
1804 289 1831 344 ¹,

203 384 309 430 quae
343 369 607 425 disciplinam
655 367 972 423 praecedentem
1009 368 1306 417 conmostrant,
1345 363 1442 406 dum
1488 363 1833 405 commentarium

203 456 288 499 seq.
322 454 412 485 can.
449 439 566 483 nobis
600 438 780 481 tradunt.
821 437 978 480 «Ratio
1012 449 1059 479 ac
1105 434 1323 478 methodus
1361 446 1382 477 3
1425 447 1477 476 ss.
1513 432 1741 476 canonibus
1783 431 1832 474 ad

205 513 387 556 debitam
423 524 443 554 a
479 508 1098 569 contumacibus>obedientiam
1125 505 1374 562 exigendam
1401 506 1670 561 praescripta.
1691 516 1736 546 ea
1762 507 1835 552 est,

207 589 248 626 ut
283 585 320 625 in
357 583 526 625 maximi
565 582 759 622 momenti
801 581 980 622 causis...
1016 589 1217 621 censurae
1256 575 1548 627 adhibeantur,
1583 579 1622 616 et
1656 578 1697 617 ut
1732 576 1836 615 inter

204 667 324 698 casus
359 656 593 696 reservatos
627 650 682 693 illi
719 652 840 693 etiam
867 649 1122 705 adiungendi
1158 650 1250 701 sint,
1287 660 1306 689 a
1332 645 1484 703 quibus
1517 646 1740 688 discrimen
1764 643 1838 687 Re-

205 725 345 781 ligioni
371 729 494 780 atque
518 725 691 765 exitium
719 723 937 763 imminere
964 719 1273 776 praevideatur.
1301 717 1431 760 Probe
1455 721 1595 759 notum
1622 714 1740 758 vobis
1763 719 1837 767 est,

204 798 244 839 S.
268 795 378 838 Trid.
412 793 643 838 Concilium
680 792 976 834 iurisdictionis
1024 794 1185 833 vestrae
1220 790 1402 831 firmitati
1447 786 1715 840 consuluisse,
1750 789 1835 827 tum

205 881 298 911 cum
324 866 631 921 vobismetipsis
649 866 711 906 ius
736 862 978 905 reservandi
1002 874 1122 904 casus
1140 862 1339 912 asseruit3
1363 871 1497 915 neque
1515 871 1585 900 eos
1602 857 1652 900 ad
1674 855 1837 912 publica

206 942 364 981 tantum
399 938 578 979 crimina
613 936 838 985 restrinxit,
879 945 1023 975 verum
1057 934 1179 974 etiam
1216 930 1271 972 ad
1303 930 1518 972 atrociora
1553 934 1591 971 et
1620 927 1836 985 yrociora,

206 1007 433 1051 dummodo
469 1019 580 1048 mere
613 1007 772 1047 interna
811 1016 887 1045 non
923 1005 1016 1045 sint.
1054 1001 1254 1054 extendit,
1288 1005 1411 1057 atque
1454 998 1683 1055 ampliavit.
1718 996 1837 1041 Com-

207 1079 345 1135 plures
377 1082 513 1120 autem
550 1075 601 1119 ab
637 1078 807 1118 huiusce
843 1073 986 1116 Almae
1019 1072 1140 1116 Urbis
1165 1076 1327 1114 nostrae
1351 1070 1500 1126 Congr.
1537 1072 1575 1111 in
1612 1070 1738 1111 variis
1763 1067 1837 1111 De-

204 1152 342 1203 cretis,
376 1153 415 1191 et
448 1146 608 1203 encycl.
634 1145 818 1202 epistolis
842 1144 1043 1192 decisum,
1077 1156 1124 1185 ac
1150 1145 1466 1198 pronunciatum
1491 1142 1579 1193 suit,
1614 1142 1840 1182 atrociores

207 1223 327 1271 inter,
360 1224 483 1276 atque
516 1219 735 1274 graviores
768 1228 901 1265 casus,
945 1228 1015 1257 eos
1051 1215 1255 1256 recenseri
1301 1212 1470 1256 debere.
1516 1212 1564 1254 ad
1600 1224 1704 1268 quos
1749 1223 1838 1265 pro-

207 1292 403 1335 cliviores
439 1290 626 1332 liomines
659 1291 826 1340 snnt,et
858 1289 926 1343 qui
953 1288 1216 1329 coniunctam
1243 1283 1550 1326 ecclesiasticae
1583 1275 1840 1338 disciplinae,

206 1365 295 1405 sive
327 1361 470 1404 salutis
502 1362 751 1408 animarum,
786 1370 892 1414 qnae
925 1355 1147 1412 episcopali
1183 1367 1308 1398 curae
1342 1356 1589 1397 commissae
1622 1357 1731 1404 sunt,
1756 1365 1843 1407 per-

208 1435 358 1476 niciem
395 1431 571 1484 liabent,
605 1428 961 1487 quemadmodum
998 1439 1017 1469 a
1053 1425 1179 1469 Nobis
1215 1428 1250 1467 in
1289 1430 1426 1467 nostro
1471 1429 1647 1467 tractatu
1682 1423 1733 1466 de
1766 1423 1839 1478 Sy-

209 1504 316 1547 nodo
351 1504 569 1546 diocesana
592 1500 606 1522 ²
642 1503 729 1544 t'use
763 1504 972 1542 ostensum
1009 1503 1067 1541 est
1090 1514 1127 1538 υ.

328 1574 441 1617 Hanc
478 1575 625 1615 retinet
659 1572 911 1614 adamussim
939 1569 1202 1625 disciplinam
1229 1582 1318 1611 caii.
1344 1569 1485 1611 9:246.
1518 1566 1546 1624 {i
1570 1569 1604 1608 1.
1630 1564 1690 1610 Ne
1712 1578 1843 1607 reser-

210 1652 326 1688 vetur
359 1644 410 1688 ab
443 1642 679 1688 Ordinariis
713 1654 889 1683 censura
931 1640 1154 1698 quaelibet.
1195 1652 1315 1682 secus
1344 1640 1689 1681 «reservationes
1723 1640 1843 1679 erunt

208 1719 376 1760 omnino
412 1715 737 1765 revocandae»,
773 1715 827 1755 uti
866 1713 1131 1768 praescripsit
1178 1713 1215 1752 in
1250 1723 1347 1753 casu
1387 1707 1593 1764 S.Congr.
1629 1708 1679 1750 de
1725 1707 1841 1762 Prop.

209 1788 305 1831 Fide
324 1788 353 1843 3,
387 1786 471 1828 nisi
504 1790 666 1827 allento
700 1784 740 1840 a)
761 1782 975 1841 peculiari
1001 1781 1216 1837 qrizin'lale
1238 1779 1488 1823 ‹lelietorwn
1514 1783 1682 1835 propter
1707 1777 1839 1833 legem

213 1858 274 1901 vel
311 1861 579 1914 praeceptum
616 1868 795 1913 quocum
826 1856 1021 1897 statuitur
1056 1857 1283 1904 reservata,
1316 1856 1353 1893 el
1376 1850 1496 1893 simul
1532 1849 1572 1906 h)
1596 1849 1845 1891 necessitate

208 1929 350 1987 (ipsias
381 1926 634 1986 procidendi
666 1924 922 1983 disciplinae
955 1922 1279 1973 ecclesiastieae,
1314 1935 1385 1964 seu
1430 1923 1614 1964 externis
1657 1919 1841 1962 tidelium

208 1999 441 2043 actionibus
478 2013 549 2054 per
583 2012 633 2041 ss.
669 2010 849 2040 canones
872 1994 1155 2047 dimetiendis,
1179 1998 1216 2035 et
1244 1992 1436 2035 medendi
1459 1991 1728 2034 conscientiis
1750 1989 1843 2047 fide-

209 2071 310 2113 lium
344 2073 402 2113 sic
436 2071 744 2112 aestimantium
782 2069 1031 2123 gravitatem
1068 2065 1232 2107 illorum
1270 2063 1537 2120 peculiarem.

327 2140 427 2183 Cum
463 2154 512 2183 ex
551 2141 833 2182 reservatione
868 2137 1127 2193 adaugeatur
1155 2134 1377 2178 difficultas
1400 2133 1670 2177 absolutionis
1703 2145 1844 2175 censu-

211 2226 364 2254 rarum.
401 2216 511 2254 recte
558 2211 813 2253 subintertur
851 2208 878 2265 g
912 2210 941 2250 9
974 2207 1138 2249 dicens:
1190 2204 1512 2248 subaudiendae
1560 2215 1839 2246 «censurae»

209 2282 431 2326 cuiuslibet
464 2281 513 2323 ab
550 2280 715 2322 bomine
755 2279 814 2321 vel
851 2292 870 2321 a
909 2281 997 2321 iure
1031 2276 1264 2319 reservatio
1308 2288 1387 2332 qua
1414 2274 1506 2317 talis
1539 2276 1661 2317 etiam
1703 2273 1846 2328 «Apo-

209 2353 378 2397 stolicae
397 2353 508 2397 Sedi,
529 2367 549 2391 »
578 2351 768 2393 striclam
795 2349 946 2406 recipi!
969 2350 1153 2401 canonis,
1179 2348 1401 2403 praecepti,
1425 2347 1667 2395 sententiae,
1688 2344 1846 2400 legisve

211 2424 471 2482 particularis
492 2422 899 2479 iii(ermelalioiiem,
929 2419 1044 2463 salva
1072 2420 1323 2475 proprietate
1353 2416 1589 2460 verborum.
1621 2414 1708 2458 Hoc
1734 2428 1848 2471 prae-

209 2498 407 2551 scriptum
444 2499 501 2536 est
536 2492 881 2548 comprehensum
917 2504 937 2534 3
973 2489 1113 2545 regula
1140 2489 1192 2531 49
1219 2490 1319 2531 iuris
1343 2490 1380 2530 in
1407 2486 1473 2529 6⁰:
1505 2503 1524 2527 ((
1545 2486 1585 2529 ln
1612 2488 1754 2542 poenis
1780 2485 1847 2528 be—

211 2568 373 2621 nignior
406 2570 466 2607 est
501 2565 786 2618 interpretatio
821 2561 1006 2604 facienda
1027 2576 1067 2603 ».
1102 2559 1218 2602 Dixi:
1246 2561 1472 2602 reservatio
1506 2570 1585 2614 qua
1621 2556 1724 2611 13113,
1752 2569 1843 2598 nam

215 2636 251 2678 id
289 2636 500 2690 illegitime
535 2634 832 2677 extenderetur
866 2632 913 2675 ad
960 2630 1203 2675 absolvendi
1250 2629 1485 2672 facultatem
1531 2627 1640 2685 quod
1685 2629 1845 2677 attinet,

335 2767 342 2786 ¹
366 2765 434 2808 Ep.
455 2762 604 2807 encycl.
638 2764 700 2795 «A
730 2773 807 2806 quo
826 2762 1024 2805 primum»
1055 2761 1095 2793 14
1113 2760 1204 2794 Jun.
1229 2759 1332 2799 1751,
1354 2758 1421 2800 §8
1451 2778 1494 2782 —
1521 2757 1535 2779 2
1562 2756 1648 2790 Lib.
1670 2757 1702 2795 5,
1722 2767 1803 2799 cap.
1826 2756 1846 2788 5

212 2824 281 2857 per
308 2817 448 2846 totum.
478 2831 519 2835 ——
538 2812 551 2831 ³
579 2811 698 2843 lustr.
727 2810 789 2851 (ad
820 2810 900 2842 Vic.
923 2810 996 2853 Ap.
1019 2807 1257 2847 Sutchuen.)
1277 2806 1298 2839 6
1316 2806 1411 2840 Jun.
1436 2805 1539 2847 1817,
1561 2816 1599 2838 n.
1617 2805 1639 2836 4
1658 2803 1847 2837 Collecta-

216 2859 331 2893 neaS
365 2859 406 2891 (ἶ.
437 2858 482 2891 de
510 2858 552 2890 P.
584 2858 625 2890 F.
656 2869 694 2890 n.
725 2857 806 2890 7⁵23.
