1981 3182
0 0 157 192 Γ

162 119 256 156 Can.
282 119 486 154 2275-2256
569 118 653 152 TIT.
683 118 790 151 VIII.
812 138 823 142 —
843 118 900 152 De
918 121 1057 162 poenis
1082 119 1382 153 medicinalibus
1721 117 1788 152 155

164 253 250 283 rem
272 256 311 290 )),
337 239 555 282 diaconum
581 243 649 281 aut
673 238 944 291 sacerdotem,
962 242 1000 279 et
1019 237 1069 280 de
1088 237 1240 280 clerico
1264 242 1332 280 aut
1358 237 1460 280 laico
1485 237 1703 280 interdicto
1727 239 1786 279 in-

162 309 363 365 telligitur
397 308 604 365 prohiberi
639 307 848 365 quaelibet
886 308 1194 350 «Sacramenta
1218 313 1255 350 et
1279 307 1601 351 Sacramentalia
1625 323 1647 347 ))
1684 307 1789 350 reei-

160 393 260 438 pevre
283 379 337 422 ad
360 393 549 422 normam
573 380 659 422 sum
684 393 773 423 care.
797 380 936 433 2260,
970 378 998 435 ξ
1030 381 1068 431 1,
1104 390 1209 434 quae
1232 379 1315 434 agit
1339 378 1389 420 de
1413 381 1786 433 excommunicato,

162 455 202 494 et
233 453 291 493 sic
325 451 373 493 ad
409 450 518 493 hunc
552 462 751 493 canonem
785 448 962 505 aptanda
997 452 1079 491 est:
1118 463 1137 487 ‹(
1162 461 1236 491 nec
1273 452 1403 504 potest
1436 448 1679 491 interdictus
1703 462 1790 504 per-

160 521 359 564 sonaliter
397 522 664 563 Sacramenta
705 522 914 575 recipere:
951 520 1032 561 imo
1067 523 1155 574 post
1189 521 1434 561 sententiam
1470 519 1787 562 declaratoriam

161 596 231 635 aut
265 592 645 635 condemnatoriam
687 603 763 633 nec
800 588 1187 643 sacramentalia»,
1224 594 1308 631 tum
1343 601 1433 633 can.
1467 591 1600 638 2261,
1635 592 1701 645 qui
1737 590 1787 633 de

160 662 519 705 administratione
552 666 675 718 atque
708 661 967 704 confectione
990 664 1137 702 tractat
1162 661 1523 702 excommunicato
1559 659 1787 715 prohibitis,

160 737 285 790 atque
318 733 370 776 de
404 733 638 788 receptione
670 730 917 775 coi-relativa
953 729 1152 773 fidelium.

279 803 345 847 Sic
363 803 567 859 aptandus
586 807 643 844 est
663 804 812 845 citatus
832 801 896 844 hic
920 813 1050 844 canon
1071 800 1120 843 ad
1143 800 1272 854 illum,
1295 813 1417 858 quem
1443 805 1786 844 commentamur.

166 874 238 932 «ξ
272 875 308 917 1.
344 872 591 916 Prohibetur
626 871 895 929 personaliter
929 871 1173 915 interdictus
1207 871 1315 914 licite
1348 871 1613 914 Sacramenta
1647 876 1686 914 et
1718 872 1786 914 Sa-

160 943 430 989 cramentalia
463 944 668 987 conticere
711 948 749 986 et
794 945 1043 996 ministrare,
1077 942 1204 985 salvis
1241 941 1556 998 exceptionibus
1588 954 1694 999 quae
1726 956 1786 985 se-

160 1020 357 1073 quuntur.
394 1040 446 1044 —-
480 1016 504 1067 g
540 1014 575 1056 2.
614 1013 786 1067 Fideles,
818 1014 934 1056 sali-o
980 1015 1232 1068 praescripto
1265 1013 1293 1070 ξ
1326 1012 1363 1065 3,
1400 1018 1567 1069 possunt
1605 1026 1654 1055 ex
1688 1025 1787 1069 qua—

160 1086 260 1130 libet
294 1088 397 1129 iusta
441 1097 563 1128 causa
609 1085 659 1128 ab
704 1084 922 1128 interdicto
962 1083 1233 1141 personaliter
1273 1085 1539 1127 Sacramenta
1573 1088 1611 1126 et
1644 1083 1786 1126 Sacra-

161 1156 355 1201 mentalia
391 1161 544 1213 petere,
579 1158 760 1198 maxime
793 1158 825 1198 si
859 1156 926 1198 alii
963 1156 1137 1197 ministri
1162 1155 1310 1203 desint,
1335 1159 1371 1197 et
1398 1159 1493 1197 tunc
1519 1154 1789 1210 personaliter

151 1228 405 1291 interdictus
440 1228 661 1284 requisitus
706 1231 833 1282 potest
879 1226 1023 1269 eadem
1071 1227 1305 1267 ministrare
1345 1238 1477 1282 neque
1513 1224 1591 1267 ulla
1627 1230 1789 1268 tenetur

161 1297 414 1354 obligatione
447 1309 613 1340 causam
659 1309 679 1339 a
724 1298 960 1352 requirente
996 1294 1277 1351 percontandi.
1311 1321 1368 1324 —
1397 1294 1425 1351 ξ,
1459 1294 1495 1338 3.
1532 1294 1609 1337 Sed
1645 1294 1695 1337 ab
1729 1297 1787 1336 in-

160 1368 346 1412 terdictis
381 1366 663 1424 personaliter,
699 1372 914 1424 postquam
951 1367 1180 1409 intercessit
1214 1367 1415 1408 sententia
1449 1364 1787 1408 condemnatoria

161 1442 231 1481 aut
263 1437 550 1488 declaratoria,
586 1436 728 1479 fideles
763 1439 800 1479 in
835 1436 920 1479 solo
947 1438 1089 1479 mortis
1114 1435 1297 1492 periculo
1327 1440 1493 1491 possunt
1529 1439 1667 1491 petere
1702 1439 1784 1477 tum

159 1509 460 1553 absolutionem
495 1507 837 1551 sacramentalem
864 1507 913 1551 ad
938 1520 1126 1550 normam
1152 1519 1240 1549 can.
1268 1506 1364 1552 882,
1387 1506 1512 1552 2252,
1538 1511 1622 1548 tum
1648 1509 1785 1556 etiam,

159 1582 192 1623 si
237 1580 303 1623 alii
345 1580 477 1623 desint
523 1581 712 1633 ministri,
747 1566 882 1621 cetera
927 1579 1193 1621 Sacramenta
1227 1581 1265 1620 et
1299 1576 1620 1621 Sacramentalia
1646 1592 1684 1620 )),
1723 1576 1784 1618 Di-

163 1663 308 1694 versae
341 1650 464 1693 huius
497 1652 666 1693 canonis
699 1649 909 1693 clausulae
944 1652 980 1691 in
1016 1662 1064 1692 eo
1098 1648 1187 1691 loco
1220 1648 1454 1691 declaratae
1490 1649 1666 1690 suerunt.

276 1722 340 1765 3⁰
377 1719 644 1777 Praescriplo
679 1735 767 1762 can.
802 1723 928 1763 2265
961 1725 1057 1763 lunc
1092 1719 1301 1762 declarato
1333 1719 1458 1761 eliam
1496 1719 1577 1775 ipsi
1605 1734 1625 1758 ((
1650 1732 1785 1774 perso-

159 1792 307 1836 naliter
340 1792 546 1835 interdicti
572 1808 593 1831 n
632 1791 973 1847 ‹iilslrinqwzlm·,
1010 1792 1047 1833 in
1093 1804 1174 1848 quo
1217 1791 1365 1833 sufficit
1412 1794 1571 1832 mutare
1613 1788 1784 1831 vei-bum

163 1879 186 1904 α
208 1865 595 1907 excommunicatus
618 1878 638 1902 ))
679 1865 715 1904 in
751 1862 828 1905 alia
869 1878 889 1902 «
915 1861 1186 1917 personaliter
1221 1861 1463 1904 interdictus
1488 1877 1505 1899 ))
1536 1865 1573 1903 et
1597 1863 1786 1902 omittere

160 1936 198 1976 in
230 1933 276 1992 §0
313 1933 354 1976 2Ο
392 1932 516 1976 verba
556 1949 575 1973 «
599 1935 961 1980 excommunicato
988 1932 1155 1975 vitando
1183 1931 1244 1974 vel
1270 1930 1321 1974 ab
1344 1930 1423 1973 alio
1447 1946 1488 1984 n,
1522 1936 1644 1987 atque
1671 1942 1783 1985 prae-

157 2007 356 2059 scriptum
391 2003 467 2047 sub
501 2003 577 2046 boc
614 2016 650 2046 n.
686 2004 729 2045 3O
763 2008 868 2045 esset
902 2002 1251 2046 substituemlum.

275 2074 338 2117 40
376 2073 529 2117 Carent
562 2073 781 2131 sepultura
815 2073 1100 2115 ecelesiastica
1125 2072 1180 2114 ad
1214 2086 1400 2115 morinum
1427 2086 1517 2113 can.
1543 2073 1677 2123 1249,
1698 2071 1726 2128 ξ
1750 2073 1785 2124 1,

157 2160 197 2188 w.
230 2147 261 2188 2
294 2144 347 2188 ibi
383 2144 646 2201 explicatam,
684 2144 898 2187 videlicet:
939 2160 957 2184 <‹
986 2142 1256 2200 personaliter
1280 2142 1485 2185 interdicti
1514 2147 1599 2197 post
1623 2147 1783 2184 senten·

159 2217 256 2258 tiam
291 2216 673 2259 condemnatoriam
712 2214 773 2258 vel
812 2214 1129 2257 declarator-iam
1155 2230 1192 2255 )),

281 2286 376 2329 104.
412 2288 484 2332 De
518 2287 946 2341 Saeramentorum
990 2287 1273 2341 receptione
1321 2287 1426 2329 sine
1473 2285 1785 2328 absolutione

155 2359 222 2403 ab
256 2359 531 2403 interdicto.
567 2382 619 2386 ——
659 2356 752 2411 Qui,
775 2356 917 2411 laicus,
954 2355 1130 2399 clericus
1167 2354 1228 2397 vel
1265 2354 1496 2410 religiosus,
1524 2356 1584 2396 vir
1608 2358 1677 2396 aut
1702 2366 1786 2395 mu·

159 2427 246 2482 lier,
281 2435 319 2481 a)
340 2426 564 2469 interdicto
598 2426 726 2469 locali
767 2429 962 2484 quami-is
999 2425 1182 2482 generali
1217 2424 1258 2482 b)
1294 2425 1354 2467 rel
1388 2423 1611 2467 i'nlerdi'clo
1647 2427 1783 2466 unius-

148 2501 360 2555 cuiusque
394 2512 441 2540 ex
478 2497 627 2554 triplici
664 2497 784 2540 modo
821 2498 860 2540 ιή
896 2496 1234 2539 communia-item
1267 2509 1339 2538 seu
1372 2494 1591 2552 collegium
1617 2494 1665 2537 ad
1693 2508 1782 2537 nor-

160 2581 267 2611 mam
303 2581 394 2612 can.
431 2568 540 2610 2274
576 2567 726 2621 subest,
760 2582 807 2611 eo
841 2568 949 2624 quod
977 2567 1085 2610 illius
1110 2567 1185 2610 loci
1220 2568 1270 2609 sit
1309 2566 1486 2609 «incola
1514 2582 1531 2606 ›>
1573 2565 1635 2608 vel
1676 2580 1695 2605 «
1719 2565 1786 2607 ad-

161 2652 265 2683 vena
289 2655 309 2680 ›>
350 2640 454 2695 gean.
490 2637 577 2694 91),
612 2643 680 2681 aut
715 2638 836 2681 buius
869 2639 1178 2681 communitatis
1221 2650 1292 2680 seu
1337 2637 1498 2692 collegii
1536 2635 1784 2689 membrum,

156 2709 233 2753 sub
276 2708 546 2766 sequentibus
594 2707 923 2752 conditionibus:
968 2707 1009 2764 a)
1041 2707 1139 2764 quin
1175 2706 1304 2749 eidem
1342 2707 1559 2749 interdicto
1597 2706 1782 2748 alterutri

157 2794 328 2825 cansam
361 2778 538 2829 dederit,
574 2792 744 2835 nempe:
780 2791 858 2821 non
893 2781 945 2821 sit.
976 2791 1152 2821 conreus
1175 2777 1313 2820 delicti
1351 2777 1417 2820 tali
1454 2790 1581 2833 poena
1619 2776 1784 2818 medici-

158 2851 238 2894 nali
273 2856 341 2894 aut
379 2850 629 2893 vindieativa
657 2849 857 2903 mulctati,
882 2848 924 2906 b)
952 2863 1024 2891 nec
1056 2848 1145 2891 alisi
1175 2861 1351 2891 censura
1375 2848 1451 2891 sub
1474 2852 1557 2890 toto
1582 2847 1656 2889 boc
1682 2859 1780 2902 ergo
