1981 3182
0 0 215 73 Γ
277 0 281 3 ,

0 74 13 106 l,

166 130 259 167 can.
285 131 379 166 2342
539 133 622 167 Trr.
648 133 758 167 XIII.
785 154 797 158 -
824 133 880 167 De
905 135 1057 168 delictis
1074 137 1209 168 contra
1232 146 1421 179 personas
1723 134 1792 169 235

165 250 278 293 ⁶2:230
317 257 612 295 «excusantur
644 265 664 295 a
700 255 840 309 poenis
875 253 978 295 latae
1012 257 1299 306 sententiae»,
1323 260 1441 311 prout
1475 260 1534 298 est
1555 255 1791 312 supradicta

163 325 558 377 excommunicatio;
594 327 719 367 ceteri
757 326 927 380 praefati
958 327 1205 380 puniuntur:
1230 325 1270 382 a)
1296 325 1336 368 in
1372 340 1515 368 earum
1550 325 1788 369 monialium

163 391 214 434 de
247 392 397 449 quibus
429 399 546 437 antea
582 395 838 437 monasteria
874 394 917 451 b)
949 394 1040 436 sine
1073 394 1262 452 leqitiina
1297 396 1483 446 licentia,
1509 396 1689 440 scilicet:
1725 395 1787 439 vel

161 462 335 506 Sanctae
368 464 485 508 Sedis
519 467 629 508 iuxta
665 467 823 508 initium
859 477 946 508 ean.
982 466 1078 509 600.
1115 467 1178 509 vel
1214 465 1424 511 Ordinarii
1462 467 1536 510 loci
1573 470 1788 523 impetrata

160 533 389 576 secundum
424 546 513 577 can.
539 535 730 577 eumdem
769 548 804 577 n.
830 535 889 588 4⁰,
914 534 1203 590 inyrediendo,
1228 536 1279 578 ΙΙΟ
1311 536 1558 593 pariterque
1589 538 1612 578 i.
1638 549 1672 578 e.
1696 535 1786 579 sub-

160 604 294 647 iacent
327 618 491 661 quoque
527 606 735 661 praefatae
770 610 1005 648 reservatae
1047 608 1480 659 excommunicationi,
1515 620 1583 649 eos
1616 619 1785 662 nempe:

164 690 185 715 «
208 674 441 718 clausuram
478 676 715 718 monialium
756 678 954 719 violantes
980 679 1016 718 in
1042 689 1183 719 earum
1221 680 1467 720 monasteria
1493 680 1580 721 sine
1605 677 1783 733 legitima

160 744 322 789 licentia
349 746 618 801 ingrediendo
641 762 663 786 »
687 746 783 802 (non
808 746 988 789 exclusis
1013 747 1298 803 impuberibus
1331 760 1453 803 supra
1488 748 1784 801 determinatis,

158 819 252 873 quia
278 817 508 873 designatio
533 830 799 873 personarum
825 818 1016 860 distincta
1043 820 1080 860 in
1108 821 1237 874 prima
1264 824 1377 874 parte
1411 823 1506 862 tunc
1539 820 1784 870 necessaria,

156 889 250 943 ,quia
276 887 471 931 delictum
497 900 638 930 earum
667 888 928 943 puniebatur,
948 890 985 931 in
1011 888 1086 932 bae
1110 890 1289 932 secunda
1315 895 1375 932 est
1402 887 1783 945 praetermittenda)

155 957 252 1000 dum
290 963 449 1014 patrant
484 958 679 1002 delictum
714 959 762 1002 ad
800 972 985 1002 normam
1011 973 1100 1003 can.
1127 961 1209 1003 600
1235 960 1288 1003 ibi
1323 960 1568 1017 explicatam
1603 965 1642 1002 et
1674 973 1781 1003 nunc

153 1031 351 1072 sancitam
387 1029 427 1086 a)
454 1029 765 1072 introducentes
797 1030 849 1073 ab
881 1036 1011 1076 extra.
1046 1031 1154 1088 quod
1192 1031 1380 1086 vei-bum,
1415 1037 1578 1088 praeter
1611 1033 1780 1088 eos*qui

154 1099 389 1142 facultatem
415 1100 674 1156 ingrediendi
701 1100 914 1157 praebent,
935 1103 1064 1146 innuit
1089 1101 1190 1144 alios
1207 1104 1276 1159 qui
1298 1101 1467 1158 physice
1489 1101 1550 1144 vel
1573 1100 1782 1143 moraliter

151 1169 221 1212 sed
257 1173 437 1226 proprie,
465 1183 612 1226 pueros
635 1184 681 1214 ac
707 1171 864 1227 puellas
897 1185 990 1215 cum
1027 1174 1195 1215 rationis
1230 1186 1317 1223 usu,
1344 1173 1521 1228 indeque
1555 1171 1780 1228 prohibitas

151 1253 198 1283 ex
235 1253 324 1285 can.
361 1242 458 1295 600,
493 1244 597 1285 intra
633 1241 865 1285 clausuram
907 1243 1075 1294 ducunt,
1113 1243 1153 1299 b)
1188 1243 1249 1285 rel
1282 1243 1547 1286 admittentes
1580 1257 1627 1286 ex
1666 1248 1779 1299 parte

150 1311 447 1356 claustralium.
484 1318 523 1356 ut
567 1316 747 1366 ostiaria,
785 1317 1071 1370 superiorissa,
1111 1315 1298 1370 aliaeque
1333 1314 1575 1371 praebentes
1609 1314 1777 1371 physice

150 1382 510 1441 qualitercumque
530 1387 781 1440 ingressum:
800 1411 840 1415 —
867 1386 1002 1442 quoad
1026 1399 1197 1442 poenam
1222 1399 1319 1428 vero
1338 1388 1564 1428 sententiae
1585 1385 1777 1428 ferendae

148 1453 362 1510 sequitur:
399 1454 508 1512 quod
539 1455 577 1497 si
609 1455 752 1498 clerici
784 1456 869 1498 siut
892 1473 913 1496 «
939 1462 1105 1513 propter
1138 1459 1312 1513 primam
1338 1456 1481 1500 salt-em
1517 1462 1725 1500 tonsuram
1751 1471 1772 1495 ))

149 1523 257 1581 (can.
279 1525 376 1580 108,
411 1528 434 1579 ἓ
472 1525 511 1582 l)
542 1532 766 1583 praeterea
800 1527 1115 1584 suspendantur
1147 1542 1195 1571 ex
1233 1530 1485 1571 iniunctione
1520 1528 1627 1584 (can.
1650 1527 1774 1578 2223,

147 1598 171 1649 ἓ
206 1596 247 1652 3)
269 1610 346 1654 per
380 1602 538 1654 tempus
568 1611 646 1654 pro
677 1598 891 1655 yraritate
924 1599 1084 1656 culpae,
1109 1612 1214 1656 quae
1247 1598 1430 1642 clausula
1467 1600 1655 1655 indigitat
1691 1612 1774 1641 mo-

147 1665 348 1710 ralitatem
384 1672 501 1711 actus
535 1681 704 1724 pravam
743 1670 1050 1725 ponderandam
1087 1669 1135 1712 ab
1173 1668 1405 1712 Ordinatio
1441 1669 1515 1711 loci
1553 1669 1614 1712 vel
1649 1682 1669 1712 a
1700 1670 1771 1712 Su-

146 1739 307 1792 periore
353 1738 546 1794 regulari,
586 1739 783 1782 alterutro
830 1754 1000 1795 poenam
1049 1742 1272 1797 infligente,
1306 1743 1337 1782 si
1375 1740 1467 1783 liuic
1501 1739 1773 1783 subiiciantur

142 1808 376 1862 puniendus
409 1821 456 1852 ae
492 1809 690 1852 moniales
724 1823 828 1857 iean.
851 1810 962 1865 (5037,
996 1810 1302 1867 deliniendiau:

261 1880 307 1921 '3⁰
340 1878 542 1922 Mulieres
577 1880 774 1937 (exclusis
808 1881 1094 1937 impuberibus
1126 1881 1177 1925 ol)
1210 1894 1300 1925 can.
1340 1882 1464 1926 2230,
1492 1886 1530 1924 ut
1566 1884 1602 1923 in
1640 1883 1770 1937 prima

144 1947 181 1991 b.
202 1961 292 1993 can.
311 1950 444 2007 parte)
464 1964 556 1994 nam
593 1952 686 1994 illae
721 1956 876 1994 tantum
915 1966 991 1995 non
1020 1955 1097 1995 viri
1123 1966 1209 1995 esse
1234 1958 1387 2009 queunt
1413 1952 1617 1995 violantes
1649 1966 1768 2009 requ-

142 2017 300 2062 larium
333 2020 515 2063 virorian
548 2038 567 2061 «
590 2024 658 2079 qui
698 2028 787 2065 vota
825 2028 1115 2078 nuncuparunt
1152 2025 1187 2065 in
1224 2020 1381 2066 Ordine
1404 2039 1424 2063 ))
1455 2023 1562 2079 (can.
1583 2023 1678 2075 488,
1705 2022 1767 2078 7⁰)

141 2089 400 2144 clausuram,
434 2094 557 2149 igitur
605 2099 745 2136 contra
798 2096 1097 2150 praescriptum
1124 2106 1222 2139 can.
1257 2095 1354 2147 598,
1390 2095 1486 2147 599,
1521 2093 1548 2150 ξ
1586 2094 1619 2144 1,
1654 2100 1691 2136 et
1726 2093 1767 2149 b)

141 2160 390 2218 Superiores
423 2165 675 2221 quicumque
714 2164 861 2207 domus
907 2164 1109 2220 regularis
1142 2165 1192 2207 de
1226 2177 1304 2222 qua
1340 2167 1490 2220 agitur,
1523 2167 1559 2219 e)
1592 2164 1766 2222 ali'ique.

139 2231 386 2290 quicumque
421 2232 452 2275 ii
484 2233 582 2289 sint,
606 2233 779 2277 subiecti
807 2234 884 2290 legi
912 2235 1070 2290 poenali
1106 2237 1549 2277 excommunicationis
1574 2235 1767 2278 mulieres

138 2313 185 2345 ac
223 2305 314 2355 viri,
347 2317 418 2346 eas
451 2303 489 2346 b.
525 2317 560 2349 e.
595 2305 789 2348 mulieres
822 2305 1116 2362 cuiuscumque
1148 2306 1315 2350 aetatis,
1351 2319 1448 2361 ergo
1481 2308 1601 2349 etiam
1640 2308 1766 2361 impu-

140 2371 270 2427 beres,
305 2376 386 2417 imo
420 2377 492 2417 etsi
529 2388 605 2417 non
640 2380 859 2431 septennes
906 2382 964 2419 ast
1011 2378 1179 2419 rationis
1214 2390 1287 2419 usu
1323 2390 1399 2419 non
1435 2382 1636 2429 carentes,
1670 2379 1763 2433 quia

140 2443 311 2487 verbum
365 2445 560 2488 mulieres
606 2460 750 2489 sexum
799 2447 1002 2503 designat,
1036 2452 1072 2489 et
1119 2447 1353 2503 praedictae
1388 2461 1530 2491 omnes
1564 2448 1765 2490 violantes

136 2511 230 2557 sunt
253 2514 470 2558 clausurae
505 2520 547 2558 ut
580 2516 830 2572 explicatum
866 2523 925 2560 est
962 2520 998 2559 in
1034 2530 1124 2561 can.
1150 2518 1248 2571 598,
1273 2520 1297 2571 ἓ
1324 2518 1358 2563 1,
1384 2517 1429 2574 α)
1455 2517 1764 2562 introducentes

138 2585 181 2641 β)
215 2584 278 2627 vel
309 2585 590 2629 admittentes
625 2591 744 2642 prout
780 2590 818 2630 in
853 2601 1027 2631 numero
1062 2588 1324 2644 praecedenti
1360 2588 1460 2631 llaec
1508 2588 1631 2631 verba
1670 2593 1762 2631 sunt

135 2654 367 2706 declarata;
401 2657 550 2712 singuli
586 2660 775 2701 recensiti
810 2661 1230 2702 excommunicationi
1263 2662 1432 2703 canonis
1465 2659 1585 2702 buius
1626 2659 1761 2702 subia-

134 2731 227 2769 cent
262 2726 366 2770 latae
399 2730 647 2781 sententiae,
672 2755 722 2758 —
748 2742 877 2785 poena
914 2743 1011 2772 vero
1046 2730 1240 2773 ferendae
1273 2733 1500 2774 sententiae
1524 2731 1762 2786 adiungitur

133 2801 275 2839 eontra
309 2797 526 2840 nonnullos
558 2812 606 2841 ex
642 2801 714 2851 eis,
748 2812 919 2856 nempe:
954 2805 993 2842 et
1023 2805 1248 2856 praeterea
1282 2801 1475 2858 reliyiosi
1508 2803 1760 2858 quicumque

133 2867 241 2911 illius
264 2868 412 2911 domus
439 2868 500 2911 vel
526 2868 696 2911 alterius
719 2869 759 2926 a)
786 2869 1098 2913 introducentes
1124 2870 1166 2928 b)
1192 2870 1256 2914 vet
1279 2871 1548 2915 admittentes
1573 2876 1614 2914 ut
1638 2883 1759 2927 supra
