1981 3182
190 146 256 180 134
652 147 736 180 Lm.
767 147 811 181 V.
841 167 853 172 -
882 147 990 181 PARS
1015 147 1066 182 11.
1096 168 1108 172 -
1135 148 1191 182 De
1213 151 1349 192 poenis
1603 149 1696 185 Can.
1722 149 1821 185 2261-

184 267 382 309 canonice
417 266 614 319 innodati,
650 272 1016 323 praesumpserunt
1053 266 1114 310 vet
1152 272 1421 323 praesumunt
1444 268 1577 311 officia
1602 267 1816 312 celebrare

185 336 343 389 divina,
378 336 677 380 rationabiliter
722 339 873 393 poteris
906 336 1098 381 omnibus
1144 337 1356 381 beneficiis
1392 338 1684 382 ecclesiasticis
1725 352 1816 395 spo-

187 407 287 450 liare
314 423 351 449 )).
385 406 491 450 Hinc
526 409 563 450 in
598 406 749 450 Missali
785 406 902 451 Rom.
935 407 1011 452 sub
1046 411 1105 451 tit.
1144 407 1247 451 «De
1280 408 1511 452 defectibus
1561 411 1598 452 in
1633 409 1818 453 celebra-

186 480 295 521 tione
329 478 707 533 occurrentibus»,
742 491 830 535 cap.
867 477 966 534 Vlll,
1005 479 1099 522 «de
1148 479 1378 523 defectibus
1410 479 1690 536 dispositionis
1731 483 1816 523 ani-

188 562 279 591 mae
298 565 317 590 >³
356 552 414 592 sic
448 549 646 606 legimus:
687 566 708 590 a
733 550 766 591 1.
790 551 829 594 Si
864 553 999 607 quis...
1033 552 1462 594 excommunicatus...
1496 550 1700 594 celebret:
1725 564 1818 595 con-

188 620 271 663 ticit
320 620 486 676 quidem
536 622 866 675 Sacramentum,
909 621 979 665 sed
1029 624 1275 678 gravissime
1321 626 1475 678 peccat,
1520 626 1601 665 tam
1651 626 1818 678 propter

189 690 548 745 Communionem,
592 704 716 748 quam
753 691 920 748 indigne
953 694 1091 746 sumit,
1136 704 1259 749 quam
1296 696 1462 748 propter
1495 693 1816 749 exequutionem

188 760 410 816 Ordinum,
444 775 550 820 quae
584 762 659 806 sibi
695 768 783 806 erat
817 762 1097 806 interdicta».

310 833 533 876 Persectius
566 835 762 889 exprimit
796 833 905 876 hunc
937 833 1126 876 ellectum
1160 848 1250 876 ean.
1284 835 1419 876 2261.
1455 860 1506 863 —
1541 836 1566 887 ἓ
1599 836 1635 876 1.
1672 832 1817 876 Prohi-

188 903 306 946 betur
339 903 734 951 ereoinniunreatus,
773 909 812 946 ut
848 903 1070 960 plurimum
1105 918 1223 948 sacro
1263 904 1474 961 praeditus
1511 905 1670 955 ordine,
1705 903 1821 947 licite

188 974 469 1017 Sacramenta
503 977 625 1018 etiam
662 974 858 1031 Baptismi
893 988 971 1017 non
1007 975 1202 1018 solemnis
1224 989 1271 1019 ac
1297 975 1561 1029 Matrimonii,
1596 980 1634 1017 e!
1668 975 1818 1018 Sacra-

186 1045 404 1102 mentalia,
438 1046 644 1103 quaelibet
689 1047 740 1089 de
786 1060 827 1089 re
862 1049 1119 1103 permanenti
1155 1046 1354 1103 conficere
1387 1052 1425 1089 et
1459 1047 1604 1090 eadem
1640 1046 1818 1103 aliaque,

185 1130 292 1175 quae
326 1119 364 1160 in
400 1118 632 1161 actionibus
654 1117 751 1160 solis
774 1120 1013 1172 consistant,
1038 1118 1299 1172 nii'm'strare,
1323 1120 1516 1175 quamvis
1548 1117 1626 1161 hoc
1660 1122 1818 1160 tantum

188 1189 271 1243 liat,
310 1202 346 1231 v.
381 1202 441 1245 gr.
494 1191 530 1231 in
566 1194 674 1232 ssma
708 1188 957 1232 eucharistia
1008 1191 1296 1242 ministranda,
1329 1191 1426 1246 quin
1477 1191 1704 1245 attingatur
1748 1202 1820 1244 per

188 1258 297 1302 hunc
333 1259 639 1315 paragraphum
680 1259 869 1302 validitas
904 1262 1032 1315 ipsius
1065 1272 1230 1317 quoque
1264 1262 1511 1303 sacramenti
1540 1259 1818 1302 Paenitentiae

189 1330 252 1373 vel
279 1328 449 1374 Ordinis
472 1335 594 1387 atque
618 1333 919 1387 cuiuscumque
942 1330 1267 1374 sacramentalis.
1305 1330 1359 1373 lta
1384 1330 1553 1387 explicit
1585 1329 1662 1373 hoc
1701 1342 1817 1386 prae-

188 1404 412 1457 scriptum:
457 1401 587 1443 ‚saluis
621 1401 932 1458 exceptionibus
965 1404 1075 1445 circa
1126 1401 1346 1445 liceitatem
1390 1406 1573 1453 actuum,
1608 1414 1714 1458 quae
1756 1415 1815 1443 se-

190 1478 376 1529 quuntur
410 1475 447 1514 in
484 1478 659 1530 utroque
693 1475 750 1525 ξ’.

309 1542 692 1599 interpretationem
729 1544 866 1586 datam
910 1543 950 1601 ξ
987 1544 1023 1586 2¹
1058 1543 1134 1587 sub
1168 1557 1325 1587 canone
1360 1544 1471 1586 2239
1505 1545 1723 1587 confirmat
1767 1557 1817 1586 ex
1879 1592 1881 1595 ¹

187 1614 375 1670 analogia
411 1617 497 1667 ἐζ).
527 1613 702 1667 Fideles,
729 1618 823 1671 quia
860 1614 898 1657 hi
935 1619 1092 1658 tantuin
1129 1618 1191 1658 ius
1225 1614 1375 1658 habent
1408 1615 1457 1658 ad
1494 1619 1753 1658 sacramenta
1778 1619 1816 1657 et

186 1685 500 1728 sacramentalia
550 1686 828 1741 suscipienda,
861 1686 977 1729 salt-0
1022 1687 1288 1744 praescripto
1319 1684 1347 1743 ξ
1377 1687 1409 1729 3
1456 1690 1625 1742 propter
1672 1686 1815 1728 distin-

187 1759 364 1799 ctionem
413 1759 511 1799 iuris
557 1763 709 1812 praec.S
743 1760 848 1799 inter
881 1760 1265 1800 excommunicatos
1315 1757 1507 1799 toleratos
1540 1761 1578 1800 et
1614 1756 1818 1811 vitandos,

181 1832 360 1885 possunt
388 1830 424 1869 vi
462 1830 670 1883 praefatae
703 1827 945 1871 tolerantiae
969 1841 1019 1869 eoe
1043 1827 1226 1885 qnalibet
1251 1828 1378 1880 iusta,
1402 1827 1528 1870 idest:
1563 1828 1820 1870 necessitatis

191 1898 252 1941 rel
289 1898 474 1941 utilitatis
508 1912 650 1949 eausa,
685 1912 762 1941 non
800 1912 870 1955 pro
903 1899 1074 1941 arbitrio
1109 1898 1160 1942 ob
1193 1899 1636 1941 excommunicationis
1685 1911 1818 1953 respe-

189 1974 299 2012 ctum
345 1974 383 2011 et
430 1972 779 2012 excommunicati
830 1970 1197 2024 indispositiouem,
1232 1968 1280 2010 ab
1324 1968 1681 2011 eoeeoinniunt'eato
1730 1971 1818 2011 iure

191 2039 295 2083 latae
328 2043 555 2083 sententiae
589 2043 711 2083 etiam
746 2040 914 2096 speciali
954 2040 1015 2083 rel
1050 2040 1347 2096 specialissimo
1387 2039 1507 2082 modo
1543 2039 1816 2082 Sacramenta

189 2110 395 2167 quaelibet
430 2116 467 2152 et
514 2124 804 2168 quaecumque
840 2110 1177 2154 Saerninentalia
1224 2116 1377 2168 petere,
1413 2113 1535 2154 etiam
1583 2110 1818 2153 devotionis

189 2194 328 2234 causa,
363 2182 542 2223 inarime
575 2182 611 2223 si
645 2182 724 2223 ntn'
773 2182 961 2224 ministri
1007 2181 1159 2235 desint,
1193 2195 1272 2238 quo
1323 2184 1360 2224 in
1394 2194 1490 2225 casu
1525 2182 1640 2224 deest
1688 2193 1815 2237 prava

190 2252 432 2308 indisposito
482 2255 664 2295 fortassis
709 2252 759 2295 ob
804 2255 1278 2296 excommunicationein
1323 2255 1573 2307 cooperatio,
1620 2257 1659 2294 et
1706 2257 1815 2301 letne,

191 2323 315 2366 idest:
352 2323 425 2366 hac
462 2326 588 2379 posita
623 2324 873 2377 conditione,
903 2323 962 2366 vel
998 2337 1046 2366 ex
1085 2323 1151 2365 illa
1185 2336 1322 2369 causa.
1347 2323 1729 2365 ereoininuni'eatus
1752 2335 1815 2364 re-

188 2394 370 2451 quisitus
401 2400 536 2450 potest
573 2394 695 2448 licite,
729 2395 779 2437 ad
816 2394 1133 2451 prohibitionem
1168 2394 1207 2451 ξ
1246 2407 1380 2449 praec.
1415 2394 1525 2451 quod
1550 2396 1709 2446 attinet,
1743 2393 1815 2436 sed

190 2478 267 2507 non
308 2470 483 2518 tenetur,
535 2468 607 2507 iiisi
660 2470 803 2522 urgeat
847 2467 1030 2508 caritatis
1080 2465 1142 2507 vet
1191 2467 1369 2507 iustitiae
1413 2464 1622 2520 obligatio,
1673 2463 1815 2506 eadem

188 2536 397 2578 declarata
437 2537 745 2579 «Sacramenta
781 2544 820 2579 et
852 2535 1175 2579 sacramentalia
1194 2552 1215 2575 »
1254 2535 1414 2591 singula
1450 2535 1711 2589 niim'slrare,
1738 2547 1816 2577 non

187 2606 472 2649 Eucharistiae
505 2612 809 2650 sacramentum
849 2607 911 2650 vel
956 2606 1305 2650 Sacramentalem
1354 2620 1437 2649 rem
1472 2606 1701 2658 conticere3
1746 2605 1814 2648 sed

188 2691 281 2721 cum
308 2691 355 2720 cx
395 2680 529 2733 priore
563 2678 602 2735 {¹
639 2683 752 2734 parte
791 2694 811 2718 <(
832 2681 935 2721 iusta
969 2690 1090 2721 causa
1114 2694 1131 2717 v
1172 2677 1334 2733 petendi
1360 2677 1507 2720 debeat
1541 2681 1697 2729 extare,
1721 2675 1814 2719 sub-

190 2749 323 2792 ditur:
360 2762 488 2805 neqne
523 2748 609 2790 ulla
644 2752 766 2791 ctiam
804 2750 1003 2791 indirecte
1039 2754 1202 2791 tenetur
1225 2748 1480 2805 olili'qati'one
1507 2749 1699 2804 quamvis
1734 2746 1813 2789 levi

189 2834 358 2861 eausam
385 2834 408 2860 a
434 2819 673 2876 requirente
703 2819 995 2876 pereontamli'.
1033 2819 1115 2861 lmo
1151 2832 1415 2875 praesumere
1442 2823 1569 2874 potest
1597 2817 1706 2860 illam
1730 2819 1816 2859 exi-

187 2894 310 2946 stere,
347 2892 421 2933 nisi
456 2892 687 2947 oppositum
723 2893 758 2934 ei
793 2896 905 2934 certo
943 2893 1182 2934 innotescat.
