1981 3182
0 159 7 172 ι
39 125 46 131 ”
109 149 201 185 ean.
227 147 322 182 2256

531 0 678 17 3·W3··
708 0 753 7 -.„
775 0 919 10 ,ι--ῑκυ-

71 41 131 71 „31⁵³
178 36 196 68 s

56 78 85 88 ,,,,

512 145 597 179 ΤιΤ.
625 145 733 179 VIII.
756 164 766 170 -
786 145 842 180 De
865 146 1000 189 poenis
1026 144 1326 178 medicinalibus
1666 142 1733 175 125

112 271 151 309 et
182 264 259 308 alia
295 266 470 320 positive
503 275 707 315 exercere,
743 264 841 318 quin
877 261 1049 317 proinde
1087 259 1293 316 obligetur
1319 273 1355 301 v.
1380 274 1440 316 gr.
1471 275 1490 299 ((
1515 261 1554 302 in
1578 261 1638 302 sui
1666 271 1733 315 pa-

111 340 295 380 tronatus
327 334 503 377 ecclesia
535 339 708 376 stemma
743 333 876 388 gentis
912 330 975 374 vel
1011 330 1234 373 familiae»
1272 331 1448 373 auferre.

227 404 310 448 Nec
344 405 457 447 deest
493 404 587 447 liuic
610 404 901 459 significationi
928 401 1239 443 fundamentum
1267 403 1303 442 in
1330 402 1418 442 iure
1446 403 1588 450 reteri,
1616 406 1733 456 prout

113 477 188 519 boc
222 475 397 519 liabetur
431 478 468 517 in
503 487 595 530 cap,
633 474 684 516 13
724 473 819 516 «de
853 472 1115 515 haereticis»
1154 469 1221 525 (V,
1241 470 1284 527 7)
1304 470 1355 524 X,
1375 470 1427 514 ibi
1454 474 1562 513 enim
1596 473 1736 514 statuit

111 547 248 590 Innoc.
284 546 333 588 ΙΙΙ
367 548 405 588 in
439 544 564 589 Cone.
597 543 699 588 Gen.
731 544 781 587 de
815 543 1118 586 haereticorum
1159 544 1342 584 coni-eis:
1393 541 1482 585 «Ut
1520 547 1735 598 postquam

111 619 204 675 quis
235 616 379 660 talium
413 617 534 658 suerit
568 615 1000 658 excommunicatione
1035 617 1209 664 notatus,
1244 615 1274 654 si
1300 612 1535 654 satisfacere
1560 617 1739 654 contem-

115 690 239 743 pserit
272 690 377 730 intra
411 699 578 739 annum,
613 699 661 728 ex
699 690 793 727 tune
828 686 914 740 ipso
949 685 1037 725 iure
1075 685 1124 725 sit
1169 683 1300 725 iactus
1348 683 1526 738 infamis,
1568 695 1643 724 nee
1685 682 1735 724 ad

115 757 277 814 publica
309 757 456 810 officia,
490 770 561 799 seu
593 755 778 807 consilia,
804 768 877 797 nec
902 754 950 796 ad
986 753 1199 809 eligendos
1232 753 1392 809 aliquos
1415 753 1464 795 ad
1501 752 1737 795 huiusmodi

114 841 188 871 nec
221 828 270 871 ad
305 828 584 871 testimonium
619 825 929 868 admittatur:...
964 824 1109 867 Nullus
1144 829 1356 880 praeterea
1393 826 1466 879 ipsi
1491 836 1615 879 super
1638 836 1735 879 quo-

112 912 291 956 cumque
324 901 504 954 negoti0‚
537 897 607 940 sed
645 899 730 952 ipse
764 896 855 939 aliis
891 896 1139 951 respondere
1173 900 1360 950 cogatur.
1396 894 1514 949 Quod
1559 896 1590 936 si
1636 894 1738 936 forte

114 969 236 1013 iudex
270 971 466 1021 extiterit,
491 970 579 1011 eius
601 969 802 1010 sententia
830 966 982 1009 nullam
1009 965 1189 1008 obtineat
1216 967 1466 1008 tii-mitatem.
1493 978 1565 1007 nec
1590 976 1738 1007 causae

111 1040 274 1097 aliquae
304 1039 354 1083 ad
389 1042 478 1082 eius
510 1038 763 1082 audientiam
802 1038 1100 1093 praeferantur.
1133 1038 1173 1079 Si
1218 1037 1339 1078 fuerit
1373 1036 1615 1089 advocatus,
1651 1037 1739 1077 eius

112 1112 386 1168 patrocinium
422 1109 656 1153 nullatenus
688 1109 944 1152 admittatur.
979 1110 1016 1151 si
1054 1107 1232 1161 tabellio,
1259 1109 1531 1149 instrumenta
1555 1106 1738 1148 coniecta

114 1195 185 1238 per
218 1184 351 1238 ipsum
387 1180 539 1223 nullius
571 1182 651 1222 sint
687 1181 896 1229 momenti,
933 1179 1003 1221 sed
1039 1192 1132 1219 cum
1176 1182 1345 1220 auctore
1394 1177 1589 1219 danmato
1623 1176 1737 1218 dam-

115 1258 275 1297 nentur.
312 1252 359 1296 Et
394 1254 431 1294 in
465 1251 671 1294 similibus
707 1252 813 1293 idem
850 1252 1128 1306 praecipimus
1160 1248 1373 1292 obseriari
1399 1263 1437 1288 ›>.

511 1405 609 1447 Aur.
650 1405 682 1448 1.
715 1430 774 1435 -
813 1403 867 1458 Ue
900 1401 1339 1445 esromimmicalione.

161 1523 246 1559 Cis.
276 1521 379 1557 2257.
408 1543 424 1548 -
465 1526 484 1564 ἓ
512 1522 540 1556 1.
572 1521 892 1556 Excommunicatio

114 1577 165 1607 est
190 1582 339 1606 censura
364 1581 432 1615 qua
452 1569 531 1615 quis
549 1569 745 1603 excluditur
763 1581 780 1603 a
801 1580 892 1604 com-

968 1520 1143 1561 vitandus,
1169 1518 1227 1553 sed
1255 1519 1358 1553 etiam
1387 1517 1533 1563 quilibet
1563 1522 1634 1562 post
1665 1528 1742 1551 sen-

967 1567 1112 1601 tentiam
1140 1566 1403 1601 declaratoriam
1424 1566 1474 1599 vel
1495 1565 1743 1599 condemnato-

117 1618 283 1654 munione
310 1617 463 1653 fidelium
496 1628 573 1651 cum
613 1616 796 1651 effectibus
834 1616 891 1662 qui

116 1666 150 1701 in
178 1665 386 1708 canonibus,
419 1664 476 1710 qui
512 1669 719 1708 sequuntur,
753 1674 895 1699 enume-

115 1719 247 1754 rantur,
275 1712 405 1758 quique
431 1712 582 1757 separari
613 1716 803 1756 nequeunt.

163 1765 182 1803 ξ
210 1761 241 1794 2.
273 1759 404 1794 Dicitur
434 1770 572 1804 quoque
590 1758 777 1797 aiiuehema,
801 1769 895 1802 prae-

116 1808 234 1844 sertim
262 1807 288 1841 si
316 1818 395 1842 cum
415 1806 697 1841 solemnitatibus
718 1805 897 1847 infligatur

116 1866 205 1902 quae
247 1855 283 1889 in
327 1854 518 1889 Pontiiicali
568 1853 724 1888 Romano
767 1854 895 1887 descri—

118 1903 261 1938 buntur.

164 1949 248 1985 Cis.
278 1946 382 1983 2258.
424 1967 443 1974 -ν
483 1951 502 1990 ξ
542 1948 568 1982 l.
599 1946 894 1982 lixcommunicati

84 1997 90 2002 ”
114 1997 174 2033 alii
201 2001 284 2031 sunt
310 1995 450 2032 vitandi.
481 1995 539 2031 atii
569 1995 715 2029 tolerati.

165 2048 185 2087 ξ
212 2044 244 2078 2.
274 2042 380 2079 Nemo
403 2048 454 2077 est
482 2043 654 2081 vitandus,
689 2042 754 2076 nisi
797 2041 897 2076 suerit

119 2092 328 2127 nominatim
355 2102 374 2126 a
409 2090 496 2124 Sede
536 2090 729 2135 Apostolica
767 2100 900 2123 excom-

119 2139 330 2177 municatus,
359 2137 674 2173 excommunicatio
709 2137 809 2171 tuerit
839 2148 898 2181 pu-

119 2186 207 2222 blice
233 2186 440 2221 denuntiata
466 2190 499 2219 et
528 2186 561 2218 in
589 2185 725 2219 dci-reto
754 2184 804 2219 vel
825 2196 901 2218 scn-

119 2234 228 2269 tentia
264 2244 424 2278 expresse
461 2233 597 2266 dicatur
642 2231 755 2276 ipsum
797 2230 896 2265 vitari

119 2281 255 2323 debere,
293 2280 388 2361 {att-0
427 2280 638 2326 praescripto
675 2290 753 2314 can.
792 2277 896 2317 2343,

121 2332 140 2371 5
171 2329 200 2370 l,
230 2339 265 2361 n.
321 2355 328 2361 .

144 2374 249 2415 ,em
278 2373 382 2409 2259.
412 2395 427 2399 -
461 2378 480 2415 ἓ
516 2374 542 2408 1.
572 2373 900 2408 Excommunicatus

121 2423 267 2469 quilibet
303 2426 395 2458 caret
436 2421 509 2456 iure
546 2421 732 2455 assistendi
770 2420 901 2454 divinis

121 2470 253 2510 officiis,
288 2481 355 2504 non
393 2476 510 2503 tamen
553 2468 801 2514 praedicationi
832 2478 903 2501 vcr-

122 2516 154 2553 bi
185 2516 256 2552 Dei.

168 2568 188 2606 ξ
213 2563 247 2598 ’2.
278 2563 311 2598 Si
330 2564 464 2608 passive
478 2563 617 2597 assistat
633 2562 812 2598 toleratus,
832 2572 899 2595 non

121 2616 172 2647 est
199 2622 338 2646 necesse
366 2616 401 2645 ut
427 2610 632 2656 &apellatum
663 2610 688 2642 si
727 2609 902 2649 vitandus,

121 2658 346 2704 expellendus
372 2663 433 2699 est,
459 2662 528 2697 aut,
549 2657 574 2690 si
595 2656 716 2702 expelli
740 2660 900 2701 nequeat.

122 2705 166 2741 ab
183 2705 293 2741 ollicio
311 2705 532 2740 cessandum.
554 2704 744 2738 dummodo
768 2703 801 2737 id
831 2703 900 2737 lieri

126 2753 231 2799 possit
256 2763 332 2787 stne
357 2753 451 2796 gravi
481 2751 721 2792 incommodo;
747 2750 790 2785 ab
817 2750 904 2784 assi-

124 2800 251 2835 stentia
278 2810 355 2834 vero
380 2799 504 2834 activa.
536 2810 626 2844 quae
659 2798 815 2842 aliquam
857 2807 905 2831 se-

124 2847 293 2882 cumrerat
313 2846 613 2892 participationem
635 2845 668 2878 in
686 2844 904 2880 celebrandis

125 2894 254 2929 divinis
288 2894 420 2933 olliciis,
455 2893 642 2938 repellatur
683 2903 751 2926 non
791 2891 903 2925 solum

967 1615 1053 1649 riam
1080 1619 1139 1649 aut
1165 1614 1320 1658 alioquin
1349 1613 1480 1647 notorie
1506 1611 1743 1646 excommuni-

966 1667 1075 1696 catus.

1016 1709 1097 1743 (jis.
1125 1707 1228 1742 2260.
1258 1711 1313 1749 -ξ
1345 1707 1371 1741 l.
1399 1706 1464 1741 Nec
1487 1710 1597 1751 potest
1614 1716 1746 1740 excom-

969 1756 1169 1790 munic-atus
1207 1754 1435 1789 Sacramenta
1473 1754 1636 1798 recipere;
1678 1753 1746 1787 imo

970 1809 1043 1849 post
1070 1802 1281 1837 sententiam
1309 1801 1572 1836 declaratoriam
1592 1804 1652 1834 aut
1666 1810 1746 1834 con-

969 1850 1225 1885 demnatoriam
1254 1860 1315 1884 nec
1346 1847 1634 1883 Sacramentalia.

1016 1902 1035 1940 ξ
1064 1899 1095 1931 2.
1126 1898 1224 1940 Quod
1251 1897 1375 1930 attinet
1402 1896 1443 1930 ad
1475 1894 1746 1930 ecclesiasticam

969 1946 1194 1991 sepulturam,
1223 1948 1378 1978 servetur
1398 1944 1647 1988 praescriptum
1667 1952 1745 1975 can.

976 1991 1075 2033 1240,
1105 1997 1124 2034 §
1158 1991 1184 2030 Ι,
1216 2002 1249 2024 n.
1280 1990 1312 2023 ι).

1019 2040 1102 2074 Cn:
1134 2038 1237 2072 2261.
1274 2057 1289 2063 -
1330 2041 1349 2078 ξ
1393 2038 1420 2070 l.
1452 2035 1658 2071 Prohibetur
1697 2046 1750 2069 ex-

971 2087 1248 2121 communicatus
1275 2085 1366 2118 licite
1394 2083 1619 2118 Sacramenta
1638 2086 1670 2116 et
1689 2080 1747 2116 Sa-

971 2133 1197 2169 cramentalia
1216 2132 1386 2167 conficere
1404 2136 1436 2165 et
1457 2131 1667 2170 ministrare,
1683 2128 1749 2163 sal-

974 2183 1022 2215 xis
1049 2180 1310 2221 exceptionibus
1336 2189 1423 2223 quae
1450 2182 1655 2223 sequuntur.

1019 2233 1037 2270 ξ
1067 2231 1096 2261 2.
1127 2227 1270 2265 Fideles,
1302 2226 1395 2259 salvo
1432 2224 1642 2271 praescripto
1668 2226 1687 2265 ξ
1714 2221 1748 2265 3,

975 2280 1117 2321 possunt
1144 2286 1183 2309 ex
1204 2274 1357 2319 qualibet
1386 2273 1479 2307 iuxta
1504 2282 1608 2307 causa
1633 2271 1677 2305 ab
1695 2281 1750 2305 ex-

973 2323 1228 2358 communicato
1255 2321 1477 2355 Sacramenta
1499 2325 1532 2354 et
1551 2319 1754 2353 Sacramen—

973 2371 1055 2405 talia
1085 2374 1209 2415 petere,
1248 2367 1397 2402 maxime
1435 2367 1461 2400 si
1501 2366 1559 2401 alii
1601 2364 1751 2399 ministri

973 2418 1099 2456 desint.
1126 2421 1158 2451 et
1184 2421 1268 2450 tune
1294 2414 1617 2449 excommunicatus
1638 2411 1753 2457 requi-

975 2466 1061 2498 situs
1095 2468 1204 2509 potest
1242 2462 1361 2497 eadem
1403 2462 1603 2495 ministrare
1643 2469 1755 2503 neque

976 2512 1045 2547 ulla
1072 2516 1209 2545 tenetur
1233 2508 1444 2553 obligatione
1479 2518 1618 2543 causam
1654 2517 1674 2540 a
1709 2516 1757 2539 rc-

975 2559 1135 2605 quirente
1163 2556 1403 2603 percontandi.

1023 2610 1041 2647 ξ
1069 2606 1099 2639 3.
1128 2605 1192 2639 Sed
1212 2602 1581 2639 abexcommunicatis
1603 2599 1755 2634 vitandis

977 2663 1112 2688 necnon
1140 2652 1184 2686 ab
1211 2651 1287 2684 aliis
1313 2648 1636 2684 excommunicatis.
1668 2651 1742 2693 post

976 2711 1080 2746 quarn
1110 2699 1303 2733 intercessit
1329 2698 1503 2731 sententia
1536 2695 1758 2730 comdemna-

977 2749 1063 2783 toria
1090 2751 1147 2780 aut
1185 2745 1425 2784 declaratoria,
1456 2744 1572 2778 lideles
1611 2743 1645 2776 in
1687 2741 1758 2775 solo

979 2794 1101 2829 mortis
1145 2792 1295 2838 periculo
1341 2796 1483 2837 possunt
1527 2795 1639 2836 petere
1682 2794 1753 2822 tum

976 2840 1228 2877 absolutionem
1266 2838 1552 2873 sacramentalem
1592 2836 1634 2871 ad
1678 2846 1757 2869 nor-

980 2900 1073 2923 mam
1113 2899 1190 2923 can.
1216 2887 1299 2930 882,
1327 2886 1433 2929 2202,
1470 2890 1543 2919 tum
1583 2888 1701 2925 etiam,
1727 2882 1754 2916 si
