1981 3182
6 0 211 56 Γω-..Ὗγη
256 0 322 13 7,-,
355 0 378 2 ,ἡ
420 0 443 8 .-

48 22 51 29 ,
97 15 129 29 Α·
163 16 166 23 .

14 56 22 66 ἲ
152 49 154 51 .

17 102 19 109 .

100 143 108 147 --
133 125 227 160 Can.
254 124 461 159 2355-2356
509 123 591 157 ΤιΤ.
618 122 725 156 XtV.
746 142 758 147 -
777 122 833 156 De
850 122 1001 156 delictis
1018 124 1154 156 contra
1177 124 1295 155 citam
1315 124 1382 155 etc.
1690 121 1757 154 261

134 246 312 287 matione
344 246 432 286 orta
466 239 724 294 reparanda,
758 240 800 297 b)
835 239 908 283 sed
936 244 1174 297 praetereo,
1209 239 1335 283 idest:
1369 241 1562 296 quamvis
1586 238 1653 282 illa
1678 251 1757 282 non

130 316 394 359 remittantur
426 312 477 357 ab
508 312 675 365 offenso,
709 310 906 369 conyrecis
941 310 1092 353 delicto
1123 310 1270 367 poenis
1303 309 1571 364 yindicativis
1593 323 1643 352 ae
1662 323 1756 366 poe-

129 384 324 429 nitentiis
358 385 493 427 forsan
527 382 898 426 extraiudicialiter
927 380 1092 438 puniri,
1130 394 1208 423 non
1243 379 1415 423 exclusa
1450 382 1504 423 uti
1545 382 1758 436 superiore

135 457 280 510 limite,
313 455 351 498 si
383 454 433 498 cle
465 453 630 497 clericis
663 451 1001 509 delinquentibus
1034 456 1191 505 offatm
1223 455 1261 493 ec
1299 464 1420 492 casus
1459 452 1617 494 ratione
1659 463 1757 493 suae

132 528 352 583 gravitatis
382 524 510 583 ferat,
548 540 567 565 ((
592 522 728 567 habita
764 524 921 566 ratione
955 534 1099 564 eorum
1135 533 1241 578 quae
1274 520 1429 564 attendi
1463 519 1615 564 debent
1649 520 1756 577 (can.

132 597 245 641 ‘2218
279 599 303 651 ,ξ
338 596 378 653 1)
425 598 462 638 in
509 597 649 651 poenis
692 592 1030 645 decernendis»,
1062 591 1102 648 c)
1137 591 1408 645 suspensione
1450 606 1470 631 ((
1501 592 1550 634 ad
1596 596 1759 646 teinpus

134 669 409 725 praefinitum,
449 666 509 709 vel
545 666 594 708 ad
635 664 938 720 beneplacitum
984 664 1257 718 Superioris»
1298 662 1405 719 (can.
1443 660 1651 717 2298,⁶20)
1685 666 1759 703 ant

130 739 361 782 remotione
393 736 441 780 ab
474 736 604 794 officio
638 741 676 777 el
709 734 914 790 beneficio,
959 733 1067 791 quod
1113 732 1289 776 clericus
1333 733 1553 788 possideat,
1596 732 1665 775 sed
1706 732 1756 774 ad

132 822 318 853 normam
352 821 441 852 can.
479 807 603 850 2299.
641 806 849 849 Postrema
885 804 1011 848 verba
1040 820 1059 845 ((
1084 804 1135 847 ab
1160 804 1294 847 oflicio
1323 803 1385 846 vel
1413 802 1613 846 beneticio
1637 818 1656 843 ›)
1688 816 1760 858 per

129 893 172 923 se
206 880 391 923 afficiunt
424 879 707 927 remotionem,
742 875 811 918 sed
848 888 897 918 ex
933 877 1199 932 consequenti
1234 876 1422 931 sequitur
1445 875 1755 929 suspensionem

129 949 300 1006 intelligi
337 961 453 1005 posse
485 947 537 991 ab
572 947 633 990 bis
666 951 704 989 et
737 946 788 989 ab
822 945 1050 1000 ordinibuS,
1088 949 1226 1001 utpote
1255 958 1360 1002 quae
1384 949 1443 987 est
1469 946 1602 986 minor
1627 955 1755 1000 poena

129 1022 166 1063 in
204 1022 359 1063 maiore
391 1031 496 1077 quae
530 1019 779 1074 exprimitur
812 1021 1018 1059 contenta.

248 1091 343 1134 198.
381 1091 564 1136 Contra
596 1090 848 1145 bigamiae
881 1089 1122 1134 delictum.
1158 1114 1212 1121 -
1247 1086 1304 1129 Ex
1332 1089 1419 1128 iure
1445 1085 1613 1142 praec.1
1639 1084 1760 1127 habe-

128 1175 220 1205 mus
243 1161 256 1183 ¹
291 1160 402 1218 quod
443 1175 463 1200 ((
488 1162 526 1202 in
563 1161 837 1202 matrimoniis
870 1158 1176 1211 contrahendis,
1212 1170 1290 1200 non
1327 1159 1426 1199 iuris
1469 1156 1653 1209 effectus,
1686 1155 1756 1198 sed

126 1234 251 1276 animi
287 1231 507 1275 destinatio
540 1229 796 1273 attendatur:
832 1229 940 1271 unde
974 1228 1087 1271 illum
1114 1231 1334 1272 comitatur
1359 1228 1539 1278 infamia,
1563 1229 1630 1283 qui
1657 1226 1759 1269 duas

126 1302 248 1346 simul
284 1301 407 1347 habet
442 1314 592 1344 uxores
616 1317 655 1354 »,
689 1300 739 1344 ad
775 1300 883 1357 quod
923 1313 1090 1343 necesse
1124 1304 1183 1342 est
1216 1313 1265 1341 ex
1304 1304 1416 1354 parte
1452 1300 1599 1354 prioris
1624 1299 1759 1340 matri-

129 1375 269 1428 monii,
305 1377 347 1415 ut
381 1373 505 1415 suerit
541 1371 725 1414 validum
759 1376 797 1414 et
831 1371 966 1414 adbuc
990 1370 1209 1424 subsistat,
1233 1383 1283 1413 ex
1310 1374 1423 1425 parte
1450 1382 1548 1411 vero
1571 1368 1758 1422 secundi,

128 1448 170 1487 ut
193 1446 372 1487 scienter
395 1444 514 1486 fuerit
534 1447 777 1486 attentatum
798 1445 935 1485 animo
957 1440 1219 1484 maritali.-
1238 1441 1362 1483 Porro
1386 1453 1479 1483 cum
1504 1438 1627 1483 Cone.
1646 1438 1755 1482 Trid.

124 1515 334 1558 definierit
357 1513 395 1555 ²:
436 1529 456 1554 (c
479 1514 518 1556 Si
552 1516 644 1570 quis
677 1513 845 1567 dixerit,
870 1513 1003 1556 =licere
1038 1512 1274 1555 christianis
1298 1511 1435 1567 plurcs
1457 1510 1578 1554 simul
1604 1510 1758 1554 habere

127 1599 292 1639 uxores,
325 1590 365 1628 et
397 1584 474 1628 hoc
509 1584 619 1627 nulla
656 1583 745 1640 lege
780 1584 921 1627 divina
956 1597 1044 1626 esse
1090 1582 1355 1639 prohibitum,
1391 1581 1609 1625 anathema
1643 1583 1693 1624 sit
1717 1597 1756 1636 )),

125 1655 309 1700 Ecclesia
344 1657 445 1698 iuris
477 1655 609 1697 divini
645 1659 782 1698 custos
815 1660 853 1697 et
901 1655 1050 1697 xindex
1097 1653 1205 1696 illam
1253 1654 1460 1696 infamiam
1508 1654 1673 1695 retinuit
1718 1655 1755 1694 in

122 1740 213 1770 ean.
246 1727 387 1769 2356.
426 1724 594 1782 Bissami
632 1740 651 1765 c(
676 1725 909 1768 secundum
961 1727 1169 1781 propriam
1208 1724 1321 1767 verbi
1361 1725 1705 1779 significationem
1731 1738 1751 1764 ))

125 1797 234 1854 (can.
270 1796 359 1853 18),
390 1799 501 1848 (nam
536 1798 567 1838 si
602 1808 709 1852 quae
743 1795 935 1839 habuerit
975 1795 1113 1852 plures
1150 1797 1271 1847 viros,
1307 1797 1380 1837 etsi
1405 1796 1577 1850 gravius
1602 1799 1755 1850 peccet,

125 1872 266 1924 utpote
299 1880 391 1911 raro
427 1867 692 1919 invenienda,
728 1880 805 1909 non
841 1867 1129 1910 consideratur
1165 1866 1341 1909 bumana
1373 1865 1506 1922 lege),
1540 1878 1587 1908 ac
1631 1865 1758 1921 expli-

124 1940 231 1981 catio
264 1939 464 1994 sequitur,
499 1936 607 1980 isles!
644 1939 720 1979 viri
756 1937 841 1994 qui,
875 1936 1065 1979 obstante
1099 1937 1271 1993 proinde
1307 1936 1443 1979 valido
1481 1948 1528 1979 ac
1573 1935 1755 1978 nondum

122 2008 256 2052 soluto
289 2007 504 2065 coniuyalz'
538 2008 716 2060 vinculo,
751 2007 872 2051 aliud
916 2007 1232 2050 matrimonium
1274 2007 1452 2050 scilicet:
1497 2011 1754 2050 contractum

125 2078 485 2134 matrimonialem,
520 2079 599 2121 elsi
633 2084 796 2121 {antron
832 2078 966 2130 civile,
1002 2084 1045 2121 ul
1079 2078 1213 2122 (nient.
1239 2091 1284 2121 ac
1319 2080 1441 2121 etiam
1478 2077 1572 2120 binc
1607 2079 1755 2120 invali-

123 2151 236 2205 dum,
261 2163 282 2193 3
318 2151 473 2193 fortiori
507 2152 540 2192 si
564 2163 702 2194 coram
729 2149 929 2202 Ecclesia,
955 2150 1272 2199 cruentat-erint,
1296 2151 1391 2206 quia
1416 2148 1548 2192 solum
1573 2148 1624 2192 de
1649 2150 1757 2192 sacto

124 2235 202 2264 non
239 2223 327 2264 iure
362 2220 459 2263 illud
497 2222 590 2263 iniri
617 2225 761 2278 potest.
787 2234 862 2264 nec
886 2222 1035 2264 suffieit
1060 2220 1376 2273 concubinatus,
1397 2233 1491 2263 cum
1512 2219 1588 2263 boc
1607 2233 1756 2275 nempe

123 2294 261 2335 animo
295 2291 638 2343 contubernium;
673 2292 870 2348 praedicti
912 2292 1155 2348 «bigami»
1192 2298 1289 2334 sunl
1325 2292 1413 2349 ipso
1446 2290 1559 2348 sacto
1583 2291 1754 2334 secundi

122 2364 308 2407 attentati
346 2364 611 2417 matrimonii,
647 2375 722 2406 nec
758 2364 882 2406 refert
917 2376 965 2405 an
992 2364 1294 2406 consummatio
1318 2362 1558 2405 alterutrius
1581 2366 1755 2419 sequuta

126 2433 190 2477 vel
226 2446 305 2477 non
341 2434 478 2486 suerit,
517 2450 539 2474 «
562 2437 656 2476 sunt
679 2449 701 2474 ›>
741 2433 936 2491 infames,
973 2435 1144 2490 proinde
1183 2434 1393 2477 «infamia
1429 2435 1589 2488 iuris»,
1630 2445 1753 2490 quam

124 2504 299 2548 iuridice
332 2506 499 2561 exponit
533 2517 623 2549 can.
660 2504 787 2549 2294.
808 2531 861 2535 ——
887 2504 971 2549 Nec
1004 2507 1108 2548 sistit
1132 2518 1261 2548 canon
1287 2505 1467 2548 addens:
1501 2510 1540 2547 et
1562 2504 1612 2559 si,
1639 2505 1758 2547 sactis

121 2580 265 2633 spreta
303 2573 529 2618 Ordinorii
567 2577 813 2632 «proprii»
860 2576 965 2632 (can.
1004 2576 1076 2632 94)
1121 2576 1361 2627 monitione,
1403 2576 1454 2619 ad
1499 2575 1607 2633 quod
1655 2574 1755 2618 baec

124 2648 452 2703 praerequiritur
486 2646 697 2703 implicite,
732 2646 776 2689 in
800 2645 952 2690 illicito
977 2646 1258 2702 contubernio,
1284 2649 1380 2704 quia
1409 2650 1626 2690 convictus
1651 2648 1759 2689 inter

121 2729 191 2761 eos
214 2730 292 2760 non
318 2722 377 2760 est
400 2717 630 2774 coniugalis
653 2717 872 2762 deficiente
899 2732 997 2762 vero
1024 2720 1300 2772 matrimonio,
1317 2718 1567 2776 persistant,
1591 2730 1755 2772 nempe:

239 2824 251 2845 1
279 2822 370 2868 Cap.
400 2824 420 2856 4
453 2838 466 2853 ‹
486 2822 531 2858 de
558 2823 728 2869 bigamis
755 2835 834 2858 non
860 2824 1091 2859 ordinandis
1110 2837 1129 2859 5>
1158 2825 1223 2859 tit.
1257 2827 1316 2867 21,
1348 2825 1433 2859 Lib.
1465 2828 1495 2859 1.
1534 2844 1573 2851 -
1610 2825 1623 2846 2
1650 2824 1754 2859 Sess.

121 2868 257 2904 XXIV
282 2870 328 2905 de
355 2878 597 2905 sacramento
623 2875 738 2906 matr.
768 2883 852 2905 can.
880 2874 912 2906 2.
