<?xml version="1.0" encoding="UTF-8"?>
<!DOCTYPE html PUBLIC "-//W3C//DTD XHTML 1.0 Transitional//EN"
    "http://www.w3.org/TR/xhtml1/DTD/xhtml1-transitional.dtd">
<html xmlns="http://www.w3.org/1999/xhtml" xml:lang="en" lang="en">
 <head>
  <title>
</title>
<meta http-equiv="Content-Type" content="text/html;charset=utf-8" />
  <meta name='ocr-system' content='tesseract 3.04.00' />
  <meta name='ocr-capabilities' content='ocr_page ocr_carea ocr_par ocr_line ocrx_word'/>
</head>
<body>
  <div class='ocr_page' id='page_1' title='image "./commentariumtext05blatuoft_0013.png"; bbox 0 0 1961 3182; ppageno 0'>
   <div class='ocr_carea' id='block_1_1' title="bbox 550 353 1404 540">
    <p class='ocr_par' dir='ltr' id='par_1_1' title="bbox 550 353 1404 540">
     <span class='ocr_line' id='line_1_1' title="bbox 667 353 1291 422; baseline 0 -4"><span class='ocrx_word' id='word_1_1' title='bbox 667 355 902 418; x_wconf 80' lang='lat' dir='ltr'>LIBER</span> <span class='ocrx_word' id='word_1_2' title='bbox 947 353 1291 422; x_wconf 77' lang='lat' dir='ltr'>QUINTUS</span> 
     </span>
     <span class='ocr_line' id='line_1_2' title="bbox 550 487 1404 540; baseline -0.005 0"><span class='ocrx_word' id='word_1_3' title='bbox 550 491 640 540; x_wconf 84' lang='lat' dir='ltr'>DE</span> <span class='ocrx_word' id='word_1_4' title='bbox 678 489 990 539; x_wconf 69' lang='lat' dir='ltr'>Demens</span> <span class='ocrx_word' id='word_1_5' title='bbox 1028 488 1116 537; x_wconf 84' lang='lat' dir='ltr'>ET</span> <span class='ocrx_word' id='word_1_6' title='bbox 1157 487 1404 537; x_wconf 84' lang='lat' dir='ltr'>POENIS</span> 
     </span>
    </p>
   </div>
   <div class='ocr_carea' id='block_1_2' title="bbox 680 786 1273 957">
    <p class='ocr_par' dir='ltr' id='par_1_2' title="bbox 680 786 1273 957">
     <span class='ocr_line' id='line_1_3' title="bbox 740 786 1207 836; baseline 0 -2"><span class='ocrx_word' id='word_1_7' title='bbox 740 786 930 835; x_wconf 78' lang='lat' dir='ltr'><strong>PARS</strong></span> <span class='ocrx_word' id='word_1_8' title='bbox 969 787 1207 836; x_wconf 82' lang='lat' dir='ltr'><strong>PRIMA</strong></span> 
     </span>
     <span class='ocr_line' id='line_1_4' title="bbox 680 895 1273 957; baseline 0.002 -1"><span class='ocrx_word' id='word_1_9' title='bbox 680 895 797 957; x_wconf 87' lang='lat' dir='ltr'>De</span> <span class='ocrx_word' id='word_1_10' title='bbox 870 896 1273 957; x_wconf 77' lang='lat' dir='ltr'>Delictis</span> 
     </span>
    </p>
   </div>
   <div class='ocr_carea' id='block_1_3' title="bbox 870 1020 1080 1023">
    <p class='ocr_par' dir='ltr' id='par_1_3' title="bbox 870 1020 1080 1023">
     <span class='ocr_line' id='line_1_5' title="bbox 870 1020 1080 1023; baseline 0 0"><span class='ocrx_word' id='word_1_11' title='bbox 870 1020 1080 1023; x_wconf 95' lang='lat' dir='ltr'> </span> 
     </span>
    </p>
   </div>
   <div class='ocr_carea' id='block_1_4' title="bbox 831 1155 1124 1193">
    <p class='ocr_par' dir='ltr' id='par_1_4' title="bbox 831 1155 1124 1193">
     <span class='ocr_line' id='line_1_6' title="bbox 831 1155 1124 1193; baseline 0 0"><span class='ocrx_word' id='word_1_12' title='bbox 831 1155 1065 1193; x_wconf 85' lang='lat' dir='ltr'>TITULUS</span> <span class='ocrx_word' id='word_1_13' title='bbox 1097 1157 1124 1193; x_wconf 92' lang='grc' dir='ltr'>Ι.</span> 
     </span>
    </p>
   </div>
   <div class='ocr_carea' id='block_1_5' title="bbox 499 1244 1453 1299">
    <p class='ocr_par' dir='ltr' id='par_1_5' title="bbox 499 1244 1453 1299">
     <span class='ocr_line' id='line_1_7' title="bbox 499 1244 1453 1299; baseline -0.004 -12"><span class='ocrx_word' id='word_1_14' title='bbox 499 1244 561 1287; x_wconf 88' lang='lat' dir='ltr'>De</span> <span class='ocrx_word' id='word_1_15' title='bbox 594 1246 764 1287; x_wconf 82' lang='lat' dir='ltr'>natura</span> <span class='ocrx_word' id='word_1_16' title='bbox 796 1244 954 1287; x_wconf 76' lang='lat' dir='ltr'>delicti</span> <span class='ocrx_word' id='word_1_17' title='bbox 987 1244 1180 1299; x_wconf 86' lang='lat' dir='ltr'>eiusque</span> <span class='ocrx_word' id='word_1_18' title='bbox 1214 1244 1453 1287; x_wconf 81' lang='lat' dir='ltr'>divisione.</span> 
     </span>
    </p>
   </div>
   <div class='ocr_carea' id='block_1_6' title="bbox 158 1367 943 2409">
    <p class='ocr_par' dir='ltr' id='par_1_6' title="bbox 158 1367 942 1593">
     <span class='ocr_line' id='line_1_8' title="bbox 210 1367 942 1411; baseline -0.003 -8"><span class='ocrx_word' id='word_1_19' title='bbox 210 1367 295 1404; x_wconf 57' lang='lat' dir='ltr'>cm.</span> <span class='ocrx_word' id='word_1_20' title='bbox 313 1367 419 1403; x_wconf 72' lang='lat'>2195.</span> <span class='ocrx_word' id='word_1_21' title='bbox 434 1389 456 1394; x_wconf 98' lang='lat'><em>-</em></span> <span class='ocrx_word' id='word_1_22' title='bbox 471 1372 491 1411; x_wconf 68' lang='grc' dir='ltr'>ξ</span> <span class='ocrx_word' id='word_1_23' title='bbox 512 1368 538 1402; x_wconf 92' lang='lat' dir='ltr'>l.</span> <span class='ocrx_word' id='word_1_24' title='bbox 558 1367 704 1403; x_wconf 75' lang='lat' dir='ltr'>Nomine</span> <span class='ocrx_word' id='word_1_25' title='bbox 722 1367 852 1407; x_wconf 76' lang='lat' dir='ltr'>delicti,</span> <span class='ocrx_word' id='word_1_26' title='bbox 870 1367 942 1402; x_wconf 88' lang='lat' dir='ltr'>iure</span> 
     </span>
     <span class='ocr_line' id='line_1_9' title="bbox 158 1415 942 1460; baseline -0.004 -8"><span class='ocrx_word' id='word_1_27' title='bbox 158 1416 408 1458; x_wconf 85' lang='lat' dir='ltr'>ecclesiastico,</span> <span class='ocrx_word' id='word_1_28' title='bbox 438 1415 644 1460; x_wconf 81' lang='lat' dir='ltr'>intelligitur</span> <span class='ocrx_word' id='word_1_29' title='bbox 662 1420 803 1450; x_wconf 79' lang='lat' dir='ltr'>externa</span> <span class='ocrx_word' id='word_1_30' title='bbox 822 1419 855 1449; x_wconf 87' lang='lat' dir='ltr'>et</span> <span class='ocrx_word' id='word_1_31' title='bbox 875 1426 942 1449; x_wconf 87' lang='lat' dir='ltr'>mo-</span> 
     </span>
     <span class='ocr_line' id='line_1_10' title="bbox 163 1462 939 1508; baseline -0.003 -10"><span class='ocrx_word' id='word_1_32' title='bbox 163 1463 282 1498; x_wconf 86' lang='lat' dir='ltr'>raliter</span> <span class='ocrx_word' id='word_1_33' title='bbox 309 1463 526 1508; x_wconf 89' lang='lat' dir='ltr'>imputabilis</span> <span class='ocrx_word' id='word_1_34' title='bbox 547 1463 630 1507; x_wconf 75' lang='lat' dir='ltr'>legis</span> <span class='ocrx_word' id='word_1_35' title='bbox 650 1463 790 1497; x_wconf 85' lang='lat' dir='ltr'>violatio</span> <span class='ocrx_word' id='word_1_36' title='bbox 807 1463 860 1497; x_wconf 88' lang='lat' dir='ltr'>cui</span> <span class='ocrx_word' id='word_1_37' title='bbox 881 1462 939 1497; x_wconf 85' lang='lat' dir='ltr'>ad-</span> 
     </span>
     <span class='ocr_line' id='line_1_11' title="bbox 160 1509 939 1545; baseline 0.001 -1"><span class='ocrx_word' id='word_1_38' title='bbox 160 1510 237 1545; x_wconf 86' lang='lat' dir='ltr'>dita</span> <span class='ocrx_word' id='word_1_39' title='bbox 263 1510 305 1544; x_wconf 87' lang='lat' dir='ltr'>sit</span> <span class='ocrx_word' id='word_1_40' title='bbox 333 1511 468 1545; x_wconf 61' lang='lat' dir='ltr'>sanctio</span> <span class='ocrx_word' id='word_1_41' title='bbox 495 1510 664 1545; x_wconf 85' lang='lat' dir='ltr'>canonica</span> <span class='ocrx_word' id='word_1_42' title='bbox 690 1509 812 1545; x_wconf 85' lang='lat' dir='ltr'>saltem</span> <span class='ocrx_word' id='word_1_43' title='bbox 846 1510 939 1545; x_wconf 83' lang='lat' dir='ltr'>indc—</span> 
     </span>
     <span class='ocr_line' id='line_1_12' title="bbox 164 1557 367 1593; baseline -0.01 0"><span class='ocrx_word' id='word_1_44' title='bbox 164 1557 367 1593; x_wconf 83' lang='lat' dir='ltr'>terminata.</span> 
     </span>
    </p>

    <p class='ocr_par' dir='ltr' id='par_1_7' title="bbox 159 1600 942 1782">
     <span class='ocr_line' id='line_1_13' title="bbox 209 1600 938 1650; baseline 0 -12"><span class='ocrx_word' id='word_1_45' title='bbox 209 1603 279 1650; x_wconf 61' lang='lat'>§2-</span> <span class='ocrx_word' id='word_1_46' title='bbox 299 1603 368 1639; x_wconf 89' lang='lat' dir='ltr'>Nisi</span> <span class='ocrx_word' id='word_1_47' title='bbox 383 1615 423 1639; x_wconf 81' lang='lat' dir='ltr'>ex</span> <span class='ocrx_word' id='word_1_48' title='bbox 441 1605 617 1639; x_wconf 82' lang='lat' dir='ltr'>adiunctis</span> <span class='ocrx_word' id='word_1_49' title='bbox 636 1604 730 1639; x_wconf 87' lang='lat' dir='ltr'>aliud</span> <span class='ocrx_word' id='word_1_50' title='bbox 758 1600 938 1649; x_wconf 69' lang='lat' dir='ltr'>appareat,</span> 
     </span>
     <span class='ocr_line' id='line_1_14' title="bbox 159 1652 942 1698; baseline -0.001 -12"><span class='ocrx_word' id='word_1_51' title='bbox 159 1661 251 1698; x_wconf 86' lang='lat' dir='ltr'>quae</span> <span class='ocrx_word' id='word_1_52' title='bbox 276 1652 443 1687; x_wconf 87' lang='lat' dir='ltr'>dicuntur</span> <span class='ocrx_word' id='word_1_53' title='bbox 468 1652 510 1687; x_wconf 84' lang='lat' dir='ltr'>(le</span> <span class='ocrx_word' id='word_1_54' title='bbox 539 1652 689 1692; x_wconf 84' lang='lat' dir='ltr'>delictis,</span> <span class='ocrx_word' id='word_1_55' title='bbox 718 1652 942 1697; x_wconf 77' lang='lat' dir='ltr'>applicantur</span> 
     </span>
     <span class='ocr_line' id='line_1_15' title="bbox 159 1698 940 1745; baseline -0.001 -10"><span class='ocrx_word' id='word_1_56' title='bbox 159 1698 267 1735; x_wconf 84' lang='lat' dir='ltr'>etiam</span> <span class='ocrx_word' id='word_1_57' title='bbox 294 1699 540 1734; x_wconf 87' lang='lat' dir='ltr'>violationibus</span> <span class='ocrx_word' id='word_1_58' title='bbox 577 1699 747 1744; x_wconf 73' lang='lat' dir='ltr'>praecepti</span> <span class='ocrx_word' id='word_1_59' title='bbox 780 1699 834 1733; x_wconf 86' lang='lat' dir='ltr'>cui</span> <span class='ocrx_word' id='word_1_60' title='bbox 865 1710 940 1745; x_wconf 91' lang='lat' dir='ltr'>poe-</span> 
     </span>
     <span class='ocr_line' id='line_1_16' title="bbox 165 1746 659 1782; baseline -0.002 -1"><span class='ocrx_word' id='word_1_61' title='bbox 165 1746 254 1782; x_wconf 82' lang='lat' dir='ltr'>natis</span> <span class='ocrx_word' id='word_1_62' title='bbox 281 1747 415 1781; x_wconf 88' lang='lat' dir='ltr'>sanctio</span> <span class='ocrx_word' id='word_1_63' title='bbox 441 1746 576 1781; x_wconf 83' lang='lat' dir='ltr'>adnexa</span> <span class='ocrx_word' id='word_1_64' title='bbox 602 1746 659 1780; x_wconf 87' lang='lat' dir='ltr'>sit.</span> 
     </span>
    </p>

    <p class='ocr_par' dir='ltr' id='par_1_8' title="bbox 158 1791 941 2066">
     <span class='ocr_line' id='line_1_17' title="bbox 210 1791 939 1837; baseline 0 -9"><span class='ocrx_word' id='word_1_65' title='bbox 210 1791 294 1829; x_wconf 62' lang='lat' dir='ltr'>Cis.</span> <span class='ocrx_word' id='word_1_66' title='bbox 326 1792 429 1828; x_wconf 74' lang='lat'><strong>2196.</strong></span> <span class='ocrx_word' id='word_1_67' title='bbox 461 1814 478 1820; x_wconf 91' lang='lat'><em>-</em></span> <span class='ocrx_word' id='word_1_68' title='bbox 506 1793 667 1837; x_wconf 73' lang='lat' dir='ltr'>Qualitas</span> <span class='ocrx_word' id='word_1_69' title='bbox 694 1793 809 1828; x_wconf 81' lang='lat' dir='ltr'>delicti</span> <span class='ocrx_word' id='word_1_70' title='bbox 838 1793 939 1828; x_wconf 89' lang='lat' dir='ltr'>desu—</span> 
     </span>
     <span class='ocr_line' id='line_1_18' title="bbox 162 1841 941 1886; baseline -0.003 -10"><span class='ocrx_word' id='word_1_71' title='bbox 162 1841 292 1876; x_wconf 87' lang='lat' dir='ltr'>menda</span> <span class='ocrx_word' id='word_1_72' title='bbox 321 1846 371 1877; x_wconf 88' lang='lat' dir='ltr'>est</span> <span class='ocrx_word' id='word_1_73' title='bbox 398 1852 438 1875; x_wconf 89' lang='lat' dir='ltr'>ex</span> <span class='ocrx_word' id='word_1_74' title='bbox 464 1841 597 1877; x_wconf 91' lang='lat' dir='ltr'>obiecto</span> <span class='ocrx_word' id='word_1_75' title='bbox 624 1841 733 1886; x_wconf 51' lang='lat' dir='ltr'>legin</span> <span class='ocrx_word' id='word_1_76' title='bbox 762 1841 941 1886; x_wconf 83' lang='lat' dir='ltr'>quantitas</span> 
     </span>
     <span class='ocr_line' id='line_1_19' title="bbox 163 1888 941 1924; baseline 0.001 -2"><span class='ocrx_word' id='word_1_77' title='bbox 163 1899 242 1924; x_wconf 87' lang='lat' dir='ltr'>vero</span> <span class='ocrx_word' id='word_1_78' title='bbox 267 1888 483 1924; x_wconf 73' lang='lat' dir='ltr'>dimetienda</span> <span class='ocrx_word' id='word_1_79' title='bbox 511 1899 578 1924; x_wconf 95' lang='lat' dir='ltr'>non</span> <span class='ocrx_word' id='word_1_80' title='bbox 607 1891 720 1924; x_wconf 84' lang='lat' dir='ltr'>solum</span> <span class='ocrx_word' id='word_1_81' title='bbox 745 1899 785 1923; x_wconf 75' lang='lat' dir='ltr'>ex</span> <span class='ocrx_word' id='word_1_82' title='bbox 804 1888 941 1923; x_wconf 88' lang='lat' dir='ltr'>diversa</span> 
     </span>
     <span class='ocr_line' id='line_1_20' title="bbox 158 1935 941 1981; baseline 0 -11"><span class='ocrx_word' id='word_1_83' title='bbox 158 1935 331 1981; x_wconf 79' lang='lat' dir='ltr'>gravitate</span> <span class='ocrx_word' id='word_1_84' title='bbox 372 1936 456 1980; x_wconf 83' lang='lat' dir='ltr'>legis</span> <span class='ocrx_word' id='word_1_85' title='bbox 497 1936 620 1976; x_wconf 73' lang='lat' dir='ltr'>laesae,</span> <span class='ocrx_word' id='word_1_86' title='bbox 657 1936 716 1971; x_wconf 88' lang='lat' dir='ltr'>sed</span> <span class='ocrx_word' id='word_1_87' title='bbox 755 1935 860 1970; x_wconf 88' lang='lat' dir='ltr'>etiam</span> <span class='ocrx_word' id='word_1_88' title='bbox 900 1947 941 1971; x_wconf 78' lang='lat' dir='ltr'>cx</span> 
     </span>
     <span class='ocr_line' id='line_1_21' title="bbox 164 1983 941 2029; baseline 0 -12"><span class='ocrx_word' id='word_1_89' title='bbox 164 1983 296 2019; x_wconf 86' lang='lat' dir='ltr'>maiore</span> <span class='ocrx_word' id='word_1_90' title='bbox 343 1984 521 2019; x_wconf 81' lang='lat' dir='ltr'>minoreve</span> <span class='ocrx_word' id='word_1_91' title='bbox 568 1983 841 2029; x_wconf 86' lang='lat' dir='ltr'>imputabilitate</span> <span class='ocrx_word' id='word_1_92' title='bbox 883 1988 941 2019; x_wconf 91' lang='lat' dir='ltr'>aut</span> 
     </span>
     <span class='ocr_line' id='line_1_22' title="bbox 160 2031 428 2066; baseline 0 0"><span class='ocrx_word' id='word_1_93' title='bbox 160 2031 294 2066; x_wconf 85' lang='lat' dir='ltr'>damno</span> <span class='ocrx_word' id='word_1_94' title='bbox 322 2031 428 2066; x_wconf 85' lang='lat' dir='ltr'>illato.</span> 
     </span>
    </p>

    <p class='ocr_par' dir='ltr' id='par_1_9' title="bbox 212 2076 751 2114">
     <span class='ocr_line' id='line_1_23' title="bbox 212 2076 751 2114; baseline -0.004 0"><span class='ocrx_word' id='word_1_95' title='bbox 212 2076 296 2114; x_wconf 60' lang='lat' dir='ltr'>Cau.</span> <span class='ocrx_word' id='word_1_96' title='bbox 315 2077 420 2113; x_wconf 65' lang='grc' dir='ltr'>ς2197.</span> <span class='ocrx_word' id='word_1_97' title='bbox 442 2098 464 2104; x_wconf 87' lang='lat'><em>-</em></span> <span class='ocrx_word' id='word_1_98' title='bbox 485 2077 654 2114; x_wconf 82' lang='lat' dir='ltr'>Delictum</span> <span class='ocrx_word' id='word_1_99' title='bbox 682 2083 751 2113; x_wconf 87' lang='lat' dir='ltr'>est:</span> 
     </span>
    </p>

    <p class='ocr_par' dir='ltr' id='par_1_10' title="bbox 159 2124 942 2313">
     <span class='ocr_line' id='line_1_24' title="bbox 264 2124 940 2168; baseline -0.003 -7"><span class='ocrx_word' id='word_1_100' title='bbox 264 2125 306 2161; x_wconf 81' lang='lat'>10.</span> <span class='ocrx_word' id='word_1_101' title='bbox 335 2124 518 2160; x_wconf 76' lang='lat' dir='ltr'>Publicum.</span> <span class='ocrx_word' id='word_1_102' title='bbox 552 2126 579 2160; x_wconf 80' lang='lat' dir='ltr'>si</span> <span class='ocrx_word' id='word_1_103' title='bbox 616 2126 683 2160; x_wconf 87' lang='lat' dir='ltr'>iam</span> <span class='ocrx_word' id='word_1_104' title='bbox 723 2125 940 2168; x_wconf 71' lang='lat' dir='ltr'>divulgatum</span> 
     </span>
     <span class='ocr_line' id='line_1_25' title="bbox 159 2173 940 2217; baseline -0.004 -9"><span class='ocrx_word' id='word_1_105' title='bbox 159 2177 214 2208; x_wconf 85' lang='lat' dir='ltr'>est</span> <span class='ocrx_word' id='word_1_106' title='bbox 238 2177 297 2208; x_wconf 91' lang='lat' dir='ltr'>aut</span> <span class='ocrx_word' id='word_1_107' title='bbox 325 2173 453 2208; x_wconf 85' lang='lat' dir='ltr'>talibus</span> <span class='ocrx_word' id='word_1_108' title='bbox 471 2173 614 2217; x_wconf 84' lang='lat' dir='ltr'>contigit</span> <span class='ocrx_word' id='word_1_109' title='bbox 643 2184 701 2208; x_wconf 89' lang='lat' dir='ltr'>seu</span> <span class='ocrx_word' id='word_1_110' title='bbox 731 2178 888 2209; x_wconf 87' lang='lat' dir='ltr'>versatur</span> <span class='ocrx_word' id='word_1_111' title='bbox 906 2173 940 2206; x_wconf 88' lang='lat' dir='ltr'>iu</span> 
     </span>
     <span class='ocr_line' id='line_1_26' title="bbox 159 2219 942 2266; baseline 0 -12"><span class='ocrx_word' id='word_1_112' title='bbox 159 2219 337 2255; x_wconf 82' lang='lat' dir='ltr'>adiunctis</span> <span class='ocrx_word' id='word_1_113' title='bbox 364 2226 399 2255; x_wconf 91' lang='lat' dir='ltr'>ut</span> <span class='ocrx_word' id='word_1_114' title='bbox 428 2221 617 2265; x_wconf 84' lang='lat' dir='ltr'>prudenter</span> <span class='ocrx_word' id='word_1_115' title='bbox 652 2221 796 2256; x_wconf 82' lang='lat' dir='ltr'>iudicari</span> <span class='ocrx_word' id='word_1_116' title='bbox 838 2220 942 2266; x_wconf 88' lang='lat' dir='ltr'>possit</span> 
     </span>
     <span class='ocr_line' id='line_1_27' title="bbox 159 2267 807 2313; baseline 0 -11"><span class='ocrx_word' id='word_1_117' title='bbox 159 2272 195 2302; x_wconf 88' lang='lat' dir='ltr'>et</span> <span class='ocrx_word' id='word_1_118' title='bbox 220 2267 344 2303; x_wconf 85' lang='lat' dir='ltr'>debeat</span> <span class='ocrx_word' id='word_1_119' title='bbox 372 2268 471 2304; x_wconf 79' lang='lat' dir='ltr'>facile</span> <span class='ocrx_word' id='word_1_120' title='bbox 498 2269 717 2313; x_wconf 82' lang='lat' dir='ltr'>divulgatum</span> <span class='ocrx_word' id='word_1_121' title='bbox 747 2268 807 2310; x_wconf 88' lang='lat' dir='ltr'>iri;</span> 
     </span>
    </p>

    <p class='ocr_par' dir='ltr' id='par_1_11' title="bbox 160 2313 943 2409">
     <span class='ocr_line' id='line_1_28' title="bbox 257 2313 943 2361; baseline 0.001 -12"><span class='ocrx_word' id='word_1_122' title='bbox 257 2314 305 2349; x_wconf 76' lang='lat'>20.</span> <span class='ocrx_word' id='word_1_123' title='bbox 336 2313 515 2351; x_wconf 72' lang='lat' dir='ltr'>Nocorium</span> <span class='ocrx_word' id='word_1_124' title='bbox 534 2315 728 2350; x_wconf 72' lang='lat' dir='ltr'>notoriecatc</span> <span class='ocrx_word' id='word_1_125' title='bbox 749 2315 844 2356; x_wconf 73' lang='lat' dir='ltr'>iuris,</span> <span class='ocrx_word' id='word_1_126' title='bbox 869 2320 943 2361; x_wconf 89' lang='lat' dir='ltr'>post</span> 
     </span>
     <span class='ocr_line' id='line_1_29' title="bbox 160 2362 942 2409; baseline 0.004 -14"><span class='ocrx_word' id='word_1_127' title='bbox 160 2362 374 2397; x_wconf 86' lang='lat' dir='ltr'>sententiam</span> <span class='ocrx_word' id='word_1_128' title='bbox 404 2363 528 2398; x_wconf 89' lang='lat' dir='ltr'>iudicis</span> <span class='ocrx_word' id='word_1_129' title='bbox 553 2363 784 2409; x_wconf 80' lang='lat' dir='ltr'>competentis</span> <span class='ocrx_word' id='word_1_130' title='bbox 803 2363 942 2409; x_wconf 86' lang='lat' dir='ltr'>quaein</span> 
     </span>
    </p>
   </div>
   <div class='ocr_carea' id='block_1_7' title="bbox 163 2409 946 2456">
    <p class='ocr_par' dir='ltr' id='par_1_12' title="bbox 163 2409 946 2456">
     <span class='ocr_line' id='line_1_30' title="bbox 163 2409 946 2456; baseline 0.005 -14"><span class='ocrx_word' id='word_1_131' title='bbox 163 2419 235 2443; x_wconf 88' lang='lat' dir='ltr'>rem</span> <span class='ocrx_word' id='word_1_132' title='bbox 264 2409 452 2445; x_wconf 85' lang='lat' dir='ltr'>iudicatam</span> <span class='ocrx_word' id='word_1_133' title='bbox 480 2411 659 2446; x_wconf 80' lang='lat' dir='ltr'>transierit</span> <span class='ocrx_word' id='word_1_134' title='bbox 685 2416 745 2446; x_wconf 88' lang='lat' dir='ltr'>aut</span> <span class='ocrx_word' id='word_1_135' title='bbox 774 2416 848 2456; x_wconf 88' lang='lat' dir='ltr'>post</span> <span class='ocrx_word' id='word_1_136' title='bbox 867 2422 946 2446; x_wconf 89' lang='lat' dir='ltr'>con-</span> 
     </span>
    </p>
   </div>
   <div class='ocr_carea' id='block_1_8' title="bbox 1014 1367 1799 2505">
    <p class='ocr_par' dir='ltr' id='par_1_13' title="bbox 1016 1367 1790 1455">
     <span class='ocr_line' id='line_1_31' title="bbox 1019 1367 1790 1412; baseline 0.001 -11"><span class='ocrx_word' id='word_1_137' title='bbox 1019 1367 1203 1402; x_wconf 79' lang='lat' dir='ltr'>sessionem</span> <span class='ocrx_word' id='word_1_138' title='bbox 1236 1367 1474 1412; x_wconf 86' lang='lat' dir='ltr'>delinquentis</span> <span class='ocrx_word' id='word_1_139' title='bbox 1514 1368 1547 1400; x_wconf 90' lang='lat' dir='ltr'>in</span> <span class='ocrx_word' id='word_1_140' title='bbox 1589 1367 1715 1402; x_wconf 88' lang='lat' dir='ltr'>iudicio</span> <span class='ocrx_word' id='word_1_141' title='bbox 1745 1368 1790 1402; x_wconf 81' lang='lat' dir='ltr'>la-</span> 
     </span>
     <span class='ocr_line' id='line_1_32' title="bbox 1016 1414 1601 1455; baseline -0.007 -6"><span class='ocrx_word' id='word_1_142' title='bbox 1016 1420 1106 1449; x_wconf 84' lang='lat' dir='ltr'>ctam</span> <span class='ocrx_word' id='word_1_143' title='bbox 1134 1416 1175 1449; x_wconf 76' lang='lat' dir='ltr'>nd</span> <span class='ocrx_word' id='word_1_144' title='bbox 1207 1425 1363 1449; x_wconf 85' lang='lat' dir='ltr'>normam</span> <span class='ocrx_word' id='word_1_145' title='bbox 1391 1426 1468 1449; x_wconf 81' lang='lat' dir='ltr'>can.</span> <span class='ocrx_word' id='word_1_146' title='bbox 1494 1414 1601 1455; x_wconf 70' lang='lat'>17:503</span> 
     </span>
    </p>

    <p class='ocr_par' dir='ltr' id='par_1_14' title="bbox 1015 1461 1794 1698">
     <span class='ocr_line' id='line_1_33' title="bbox 1110 1461 1790 1509; baseline 0 -13"><span class='ocrx_word' id='word_1_147' title='bbox 1110 1461 1157 1496; x_wconf 74' lang='lat'>30.</span> <span class='ocrx_word' id='word_1_148' title='bbox 1188 1461 1365 1496; x_wconf 69' lang='lat' dir='ltr'>Notarium</span> <span class='ocrx_word' id='word_1_149' title='bbox 1408 1462 1600 1496; x_wconf 76' lang='lat' dir='ltr'>notorietale</span> <span class='ocrx_word' id='word_1_150' title='bbox 1638 1462 1732 1509; x_wconf 79' lang='lat' dir='ltr'>facti,</span> <span class='ocrx_word' id='word_1_151' title='bbox 1764 1462 1790 1496; x_wconf 85' lang='lat' dir='ltr'>si</span> 
     </span>
     <span class='ocr_line' id='line_1_34' title="bbox 1017 1509 1792 1561; baseline 0.001 -18"><span class='ocrx_word' id='word_1_152' title='bbox 1017 1509 1152 1561; x_wconf 86' lang='lat' dir='ltr'>publice</span> <span class='ocrx_word' id='word_1_153' title='bbox 1180 1515 1300 1544; x_wconf 85' lang='lat' dir='ltr'>notum</span> <span class='ocrx_word' id='word_1_154' title='bbox 1328 1510 1371 1543; x_wconf 90' lang='lat' dir='ltr'>sit</span> <span class='ocrx_word' id='word_1_155' title='bbox 1398 1514 1429 1544; x_wconf 89' lang='lat' dir='ltr'>et</span> <span class='ocrx_word' id='word_1_156' title='bbox 1459 1510 1492 1543; x_wconf 88' lang='lat' dir='ltr'>in</span> <span class='ocrx_word' id='word_1_157' title='bbox 1522 1509 1650 1544; x_wconf 88' lang='lat' dir='ltr'>talibus</span> <span class='ocrx_word' id='word_1_158' title='bbox 1667 1510 1792 1545; x_wconf 86' lang='lat' dir='ltr'>adiun-</span> 
     </span>
     <span class='ocr_line' id='line_1_35' title="bbox 1015 1557 1794 1601; baseline 0.001 -10"><span class='ocrx_word' id='word_1_159' title='bbox 1015 1557 1078 1591; x_wconf 87' lang='lat' dir='ltr'>ctis</span> <span class='ocrx_word' id='word_1_160' title='bbox 1093 1557 1330 1597; x_wconf 85' lang='lat' dir='ltr'>commissum,</span> <span class='ocrx_word' id='word_1_161' title='bbox 1349 1561 1383 1591; x_wconf 87' lang='lat' dir='ltr'>ut</span> <span class='ocrx_word' id='word_1_162' title='bbox 1401 1557 1496 1591; x_wconf 90' lang='lat' dir='ltr'>nulla</span> <span class='ocrx_word' id='word_1_163' title='bbox 1510 1557 1794 1601; x_wconf 61' lang='lat' dir='ltr'>tergiversatione</span> 
     </span>
     <span class='ocr_line' id='line_1_36' title="bbox 1015 1604 1790 1661; baseline -0.001 -22"><span class='ocrx_word' id='word_1_164' title='bbox 1015 1604 1117 1639; x_wconf 89' lang='lat' dir='ltr'>celari</span> <span class='ocrx_word' id='word_1_165' title='bbox 1148 1604 1313 1650; x_wconf 86' lang='lat' dir='ltr'>nulloque</span> <span class='ocrx_word' id='word_1_166' title='bbox 1341 1604 1425 1638; x_wconf 87' lang='lat' dir='ltr'>iuris</span> <span class='ocrx_word' id='word_1_167' title='bbox 1453 1604 1617 1661; x_wconf 59' lang='lat' dir='ltr'>suffragio</span> <span class='ocrx_word' id='word_1_168' title='bbox 1636 1606 1790 1640; x_wconf 80' lang='lat' dir='ltr'>excusari</span> 
     </span>
     <span class='ocr_line' id='line_1_37' title="bbox 1017 1652 1145 1698; baseline -0.009 -11"><span class='ocrx_word' id='word_1_169' title='bbox 1017 1652 1145 1698; x_wconf 75' lang='lat' dir='ltr'>pussit;</span> 
     </span>
    </p>

    <p class='ocr_par' dir='ltr' id='par_1_15' title="bbox 1014 1696 1794 1885">
     <span class='ocr_line' id='line_1_38' title="bbox 1110 1696 1792 1745; baseline 0 -12"><span class='ocrx_word' id='word_1_170' title='bbox 1110 1698 1157 1733; x_wconf 82' lang='lat'>4⁰.</span> <span class='ocrx_word' id='word_1_171' title='bbox 1188 1696 1369 1738; x_wconf 74' lang='lat' dir='ltr'>Occultum,</span> <span class='ocrx_word' id='word_1_172' title='bbox 1390 1699 1479 1744; x_wconf 82' lang='lat' dir='ltr'>quod</span> <span class='ocrx_word' id='word_1_173' title='bbox 1508 1710 1578 1734; x_wconf 90' lang='lat' dir='ltr'>non</span> <span class='ocrx_word' id='word_1_174' title='bbox 1606 1704 1657 1735; x_wconf 87' lang='lat' dir='ltr'>est</span> <span class='ocrx_word' id='word_1_175' title='bbox 1686 1698 1792 1745; x_wconf 87' lang='lat' dir='ltr'>publi</span> 
     </span>
     <span class='ocr_line' id='line_1_39' title="bbox 1014 1711 1794 1789; baseline 0 -8"><span class='ocrx_word' id='word_1_176' title='bbox 1014 1757 1112 1781; x_wconf 88' lang='lat' dir='ltr'>cum</span> <span class='ocrx_word' id='word_1_177' title='bbox 1107 1773 1113 1786; x_wconf 93' lang='lat'>‚</span> <span class='ocrx_word' id='word_1_178' title='bbox 1131 1746 1291 1781; x_wconf 75' lang='lat' dir='ltr'>occultum</span> <span class='ocrx_word' id='word_1_179' title='bbox 1314 1746 1547 1789; x_wconf 78' lang='lat' dir='ltr'>materialiter,</span> <span class='ocrx_word' id='word_1_180' title='bbox 1566 1747 1592 1780; x_wconf 87' lang='lat' dir='ltr'>si</span> <span class='ocrx_word' id='word_1_181' title='bbox 1615 1711 1716 1781; x_wconf 68' lang='lat' dir='ltr'>lateapit</span> <span class='ocrx_word' id='word_1_182' title='bbox 1734 1746 1794 1782; x_wconf 84' lang='lat' dir='ltr'>de-</span> 
     </span>
     <span class='ocr_line' id='line_1_40' title="bbox 1017 1793 1792 1839; baseline 0 -11"><span class='ocrx_word' id='word_1_183' title='bbox 1017 1793 1136 1829; x_wconf 84' lang='lat' dir='ltr'>lictum</span> <span class='ocrx_word' id='word_1_184' title='bbox 1166 1794 1305 1839; x_wconf 81' lang='lat' dir='ltr'>ipsum;</span> <span class='ocrx_word' id='word_1_185' title='bbox 1335 1794 1494 1828; x_wconf 71' lang='lat' dir='ltr'>occultum</span> <span class='ocrx_word' id='word_1_186' title='bbox 1536 1794 1735 1839; x_wconf 80' lang='lat' dir='ltr'>formaliter,</span> <span class='ocrx_word' id='word_1_187' title='bbox 1765 1794 1792 1828; x_wconf 87' lang='lat' dir='ltr'>si</span> 
     </span>
     <span class='ocr_line' id='line_1_41' title="bbox 1016 1841 1472 1885; baseline -0.002 -9"><span class='ocrx_word' id='word_1_188' title='bbox 1016 1841 1173 1876; x_wconf 88' lang='lat' dir='ltr'>eiusdem</span> <span class='ocrx_word' id='word_1_189' title='bbox 1204 1841 1472 1885; x_wconf 83' lang='lat' dir='ltr'>imputabililas.</span> 
     </span>
    </p>

    <p class='ocr_par' dir='ltr' id='par_1_16' title="bbox 1015 1888 1799 2505">
     <span class='ocr_line' id='line_1_42' title="bbox 1063 1888 1795 1934; baseline 0 -10"><span class='ocrx_word' id='word_1_190' title='bbox 1063 1888 1148 1924; x_wconf 60' lang='lat' dir='ltr'>Cia.</span> <span class='ocrx_word' id='word_1_191' title='bbox 1179 1888 1283 1924; x_wconf 74' lang='lat'>2198.</span> <span class='ocrx_word' id='word_1_192' title='bbox 1316 1910 1332 1914; x_wconf 94' lang='lat'><em>-</em></span> <span class='ocrx_word' id='word_1_193' title='bbox 1364 1888 1533 1924; x_wconf 75' lang='lat' dir='ltr'>Delictum</span> <span class='ocrx_word' id='word_1_194' title='bbox 1574 1889 1663 1934; x_wconf 81' lang='lat' dir='ltr'>quod</span> <span class='ocrx_word' id='word_1_195' title='bbox 1694 1889 1795 1924; x_wconf 84' lang='lat' dir='ltr'>unice</span> 
     </span>
     <span class='ocr_line' id='line_1_43' title="bbox 1017 1935 1795 1979; baseline -0.001 -8"><span class='ocrx_word' id='word_1_196' title='bbox 1017 1936 1121 1971; x_wconf 90' lang='lat' dir='ltr'>laedit</span> <span class='ocrx_word' id='word_1_197' title='bbox 1150 1935 1320 1972; x_wconf 78' lang='lat' dir='ltr'>Ecclesiae</span> <span class='ocrx_word' id='word_1_198' title='bbox 1340 1935 1462 1979; x_wconf 73' lang='lat' dir='ltr'>legem.</span> <span class='ocrx_word' id='word_1_199' title='bbox 1487 1941 1611 1971; x_wconf 86' lang='lat' dir='ltr'>natura</span> <span class='ocrx_word' id='word_1_200' title='bbox 1630 1947 1705 1979; x_wconf 86' lang='lat' dir='ltr'>sua,</span> <span class='ocrx_word' id='word_1_201' title='bbox 1723 1936 1795 1971; x_wconf 92' lang='lat' dir='ltr'>sola</span> 
     </span>
     <span class='ocr_line' id='line_1_44' title="bbox 1015 1983 1797 2030; baseline -0.001 -11"><span class='ocrx_word' id='word_1_202' title='bbox 1015 1983 1250 2019; x_wconf 84' lang='lat' dir='ltr'>ecclesiastica</span> <span class='ocrx_word' id='word_1_203' title='bbox 1274 1985 1464 2019; x_wconf 73' lang='lat' dir='ltr'>auctoritas</span> <span class='ocrx_word' id='word_1_204' title='bbox 1492 1985 1721 2030; x_wconf 82' lang='lat' dir='ltr'>persequitur,</span> <span class='ocrx_word' id='word_1_205' title='bbox 1748 1994 1797 2019; x_wconf 88' lang='lat' dir='ltr'>re-</span> 
     </span>
     <span class='ocr_line' id='line_1_45' title="bbox 1016 2031 1796 2077; baseline -0.004 -10"><span class='ocrx_word' id='word_1_206' title='bbox 1016 2031 1145 2077; x_wconf 88' lang='lat' dir='ltr'>quisito</span> <span class='ocrx_word' id='word_1_207' title='bbox 1173 2031 1430 2071; x_wconf 84' lang='lat' dir='ltr'>interdum,ubi</span> <span class='ocrx_word' id='word_1_208' title='bbox 1459 2032 1579 2066; x_wconf 88' lang='lat' dir='ltr'>cadem</span> <span class='ocrx_word' id='word_1_209' title='bbox 1607 2031 1796 2066; x_wconf 86' lang='lat' dir='ltr'>auctoritas</span> 
     </span>
     <span class='ocr_line' id='line_1_46' title="bbox 1018 2079 1795 2124; baseline 0 -10"><span class='ocrx_word' id='word_1_210' title='bbox 1018 2079 1250 2114; x_wconf 81' lang='lat' dir='ltr'>necessarium</span> <span class='ocrx_word' id='word_1_211' title='bbox 1280 2079 1330 2114; x_wconf 73' lang='lat' dir='ltr'>vel</span> <span class='ocrx_word' id='word_1_212' title='bbox 1358 2085 1594 2124; x_wconf 87' lang='lat' dir='ltr'>opportunum</span> <span class='ocrx_word' id='word_1_213' title='bbox 1624 2079 1795 2114; x_wconf 87' lang='lat' dir='ltr'>iudicave-</span> 
     </span>
     <span class='ocr_line' id='line_1_47' title="bbox 1017 2126 1794 2170; baseline -0.001 -9"><span class='ocrx_word' id='word_1_214' title='bbox 1017 2127 1073 2170; x_wconf 87' lang='lat' dir='ltr'>rit</span> <span class='ocrx_word' id='word_1_215' title='bbox 1094 2126 1225 2161; x_wconf 72' lang='lat' dir='ltr'>auxilio</span> <span class='ocrx_word' id='word_1_216' title='bbox 1245 2126 1376 2162; x_wconf 87' lang='lat' dir='ltr'>brachii</span> <span class='ocrx_word' id='word_1_217' title='bbox 1398 2126 1607 2164; x_wconf 73' lang='lat' dir='ltr'>saecularis:</span> <span class='ocrx_word' id='word_1_218' title='bbox 1629 2126 1794 2162; x_wconf 89' lang='lat' dir='ltr'>delictum</span> 
     </span>
     <span class='ocr_line' id='line_1_48' title="bbox 1017 2173 1796 2227; baseline -0.001 -19"><span class='ocrx_word' id='word_1_219' title='bbox 1017 2173 1107 2227; x_wconf 77' lang='lat' dir='ltr'>quod</span> <span class='ocrx_word' id='word_1_220' title='bbox 1125 2174 1226 2209; x_wconf 84' lang='lat' dir='ltr'>unice</span> <span class='ocrx_word' id='word_1_221' title='bbox 1242 2174 1346 2209; x_wconf 88' lang='lat' dir='ltr'>laedit</span> <span class='ocrx_word' id='word_1_222' title='bbox 1362 2174 1471 2219; x_wconf 86' lang='lat' dir='ltr'>legem</span> <span class='ocrx_word' id='word_1_223' title='bbox 1487 2174 1660 2209; x_wconf 85' lang='lat' dir='ltr'>societatis</span> <span class='ocrx_word' id='word_1_224' title='bbox 1672 2173 1796 2213; x_wconf 86' lang='lat' dir='ltr'>civilis</span> 
     </span>
     <span class='ocr_line' id='line_1_49' title="bbox 1019 2218 1794 2267; baseline 0 -12"><span class='ocrx_word' id='word_1_225' title='bbox 1019 2222 1090 2256; x_wconf 84' lang='lat' dir='ltr'>iure</span> <span class='ocrx_word' id='word_1_226' title='bbox 1112 2221 1258 2267; x_wconf 90' lang='lat' dir='ltr'>proprio,</span> <span class='ocrx_word' id='word_1_227' title='bbox 1279 2221 1374 2256; x_wconf 85' lang='lat' dir='ltr'>salvo</span> <span class='ocrx_word' id='word_1_228' title='bbox 1395 2222 1605 2267; x_wconf 82' lang='lat' dir='ltr'>praescripto</span> <span class='ocrx_word' id='word_1_229' title='bbox 1623 2233 1702 2256; x_wconf 91' lang='lat' dir='ltr'>can.</span> <span class='ocrx_word' id='word_1_230' title='bbox 1720 2218 1794 2262; x_wconf 80' lang='lat'>120,</span> 
     </span>
     <span class='ocr_line' id='line_1_50' title="bbox 1019 2268 1796 2314; baseline 0 -11"><span class='ocrx_word' id='word_1_231' title='bbox 1019 2269 1117 2314; x_wconf 90' lang='lat' dir='ltr'>punit</span> <span class='ocrx_word' id='word_1_232' title='bbox 1145 2269 1258 2303; x_wconf 77' lang='lat' dir='ltr'>civilis</span> <span class='ocrx_word' id='word_1_233' title='bbox 1282 2269 1485 2304; x_wconf 79' lang='lat' dir='ltr'>auctoritas.</span> <span class='ocrx_word' id='word_1_234' title='bbox 1509 2270 1586 2304; x_wconf 89' lang='lat' dir='ltr'>licet</span> <span class='ocrx_word' id='word_1_235' title='bbox 1612 2269 1715 2304; x_wconf 86' lang='lat' dir='ltr'>etiam</span> <span class='ocrx_word' id='word_1_236' title='bbox 1739 2268 1796 2304; x_wconf 82' lang='lat' dir='ltr'>Ec·</span> 
     </span>
     <span class='ocr_line' id='line_1_51' title="bbox 1017 2316 1797 2363; baseline 0 -12"><span class='ocrx_word' id='word_1_237' title='bbox 1017 2316 1122 2351; x_wconf 83' lang='lat' dir='ltr'>clesia</span> <span class='ocrx_word' id='word_1_238' title='bbox 1160 2317 1202 2350; x_wconf 87' lang='lat' dir='ltr'>sit</span> <span class='ocrx_word' id='word_1_239' title='bbox 1244 2316 1278 2350; x_wconf 92' lang='lat' dir='ltr'>in</span> <span class='ocrx_word' id='word_1_240' title='bbox 1320 2316 1405 2351; x_wconf 92' lang='lat' dir='ltr'>illud</span> <span class='ocrx_word' id='word_1_241' title='bbox 1433 2321 1635 2363; x_wconf 83' lang='lat' dir='ltr'>competens</span> <span class='ocrx_word' id='word_1_242' title='bbox 1662 2316 1797 2351; x_wconf 88' lang='lat' dir='ltr'>ratione</span> 
     </span>
     <span class='ocr_line' id='line_1_52' title="bbox 1020 2364 1799 2410; baseline 0 -12"><span class='ocrx_word' id='word_1_243' title='bbox 1020 2364 1171 2410; x_wconf 81' lang='lat' dir='ltr'>peccati;</span> <span class='ocrx_word' id='word_1_244' title='bbox 1201 2364 1366 2399; x_wconf 79' lang='lat' dir='ltr'>delictum</span> <span class='ocrx_word' id='word_1_245' title='bbox 1387 2364 1477 2410; x_wconf 82' lang='lat' dir='ltr'>quod</span> <span class='ocrx_word' id='word_1_246' title='bbox 1495 2364 1599 2399; x_wconf 85' lang='lat' dir='ltr'>laedit</span> <span class='ocrx_word' id='word_1_247' title='bbox 1618 2364 1799 2409; x_wconf 87' lang='lat' dir='ltr'>utriusque</span> 
     </span>
     <span class='ocr_line' id='line_1_53' title="bbox 1018 2411 1799 2458; baseline 0 -12"><span class='ocrx_word' id='word_1_248' title='bbox 1018 2411 1192 2446; x_wconf 85' lang='lat' dir='ltr'>societatis</span> <span class='ocrx_word' id='word_1_249' title='bbox 1220 2412 1341 2455; x_wconf 81' lang='lat' dir='ltr'>legem,</span> <span class='ocrx_word' id='word_1_250' title='bbox 1367 2413 1412 2447; x_wconf 83' lang='lat' dir='ltr'>ab</span> <span class='ocrx_word' id='word_1_251' title='bbox 1452 2416 1598 2458; x_wconf 85' lang='lat' dir='ltr'>utraque</span> <span class='ocrx_word' id='word_1_252' title='bbox 1633 2415 1799 2457; x_wconf 88' lang='lat' dir='ltr'>potestate</span> 
     </span>
     <span class='ocr_line' id='line_1_54' title="bbox 1021 2458 1291 2505; baseline -0.004 -12"><span class='ocrx_word' id='word_1_253' title='bbox 1021 2458 1136 2505; x_wconf 87' lang='lat' dir='ltr'>puniri</span> <span class='ocrx_word' id='word_1_254' title='bbox 1170 2464 1291 2505; x_wconf 86' lang='lat' dir='ltr'>potest.</span> 
     </span>
    </p>
   </div>
   <div class='ocr_carea' id='block_1_9' title="bbox 160 2555 1797 2900">
    <p class='ocr_par' dir='ltr' id='par_1_17' title="bbox 160 2555 1797 2900">
     <span class='ocr_line' id='line_1_55' title="bbox 287 2555 1797 2616; baseline 0.001 -16"><span class='ocrx_word' id='word_1_255' title='bbox 287 2555 321 2599; x_wconf 92' lang='grc'>1.</span> <span class='ocrx_word' id='word_1_256' title='bbox 357 2558 485 2602; x_wconf 85' lang='lat' dir='ltr'>Libri</span> <span class='ocrx_word' id='word_1_257' title='bbox 520 2562 569 2604; x_wconf 84' lang='lat' dir='ltr'>et</span> <span class='ocrx_word' id='word_1_258' title='bbox 606 2560 768 2605; x_wconf 71' lang='lat' dir='ltr'>Partis</span> <span class='ocrx_word' id='word_1_259' title='bbox 806 2561 1060 2616; x_wconf 83' lang='lat' dir='ltr'>inscriptio</span> <span class='ocrx_word' id='word_1_260' title='bbox 1084 2560 1155 2602; x_wconf 80' lang='lat' dir='ltr'>fuit</span> <span class='ocrx_word' id='word_1_261' title='bbox 1184 2559 1304 2602; x_wconf 83' lang='lat' dir='ltr'>valde</span> <span class='ocrx_word' id='word_1_262' title='bbox 1327 2562 1630 2603; x_wconf 87' lang='lat' dir='ltr'>convenienter</span> <span class='ocrx_word' id='word_1_263' title='bbox 1653 2559 1797 2602; x_wconf 88' lang='lat' dir='ltr'>ultimo</span> 
     </span>
     <span class='ocr_line' id='line_1_56' title="bbox 160 2624 1794 2687; baseline 0.004 -19"><span class='ocrx_word' id='word_1_264' title='bbox 160 2624 326 2669; x_wconf 83' lang='lat' dir='ltr'>Codicis</span> <span class='ocrx_word' id='word_1_265' title='bbox 358 2626 479 2671; x_wconf 84' lang='lat' dir='ltr'>Libro</span> <span class='ocrx_word' id='word_1_266' title='bbox 515 2635 739 2674; x_wconf 81' lang='lat' dir='ltr'>reservata.</span> <span class='ocrx_word' id='word_1_267' title='bbox 773 2628 961 2682; x_wconf 79' lang='lat' dir='ltr'>Quatuoi·</span> <span class='ocrx_word' id='word_1_268' title='bbox 995 2642 1174 2687; x_wconf 80' lang='lat' dir='ltr'>namque</span> <span class='ocrx_word' id='word_1_269' title='bbox 1207 2630 1275 2673; x_wconf 80' lang='lat' dir='ltr'>alii</span> <span class='ocrx_word' id='word_1_270' title='bbox 1309 2643 1450 2674; x_wconf 83' lang='lat' dir='ltr'>sacros</span> <span class='ocrx_word' id='word_1_271' title='bbox 1482 2634 1696 2674; x_wconf 83' lang='lat' dir='ltr'>continent</span> <span class='ocrx_word' id='word_1_272' title='bbox 1728 2643 1794 2674; x_wconf 85' lang='lat' dir='ltr'>ca-</span> 
     </span>
     <span class='ocr_line' id='line_1_57' title="bbox 163 2699 1793 2757; baseline 0.003 -18"><span class='ocrx_word' id='word_1_273' title='bbox 163 2709 305 2749; x_wconf 77' lang='lat' dir='ltr'>nones,</span> <span class='ocrx_word' id='word_1_274' title='bbox 338 2700 408 2755; x_wconf 82' lang='lat' dir='ltr'>qui</span> <span class='ocrx_word' id='word_1_275' title='bbox 444 2699 671 2742; x_wconf 80' lang='lat' dir='ltr'>normalem</span> <span class='ocrx_word' id='word_1_276' title='bbox 704 2713 775 2743; x_wconf 87' lang='lat' dir='ltr'>seu</span> <span class='ocrx_word' id='word_1_277' title='bbox 811 2705 968 2743; x_wconf 84' lang='lat' dir='ltr'>rectum</span> <span class='ocrx_word' id='word_1_278' title='bbox 1003 2701 1152 2757; x_wconf 80' lang='lat' dir='ltr'>agendi</span> <span class='ocrx_word' id='word_1_279' title='bbox 1181 2701 1347 2744; x_wconf 76' lang='lat' dir='ltr'>motlum</span> <span class='ocrx_word' id='word_1_280' title='bbox 1384 2704 1421 2744; x_wconf 87' lang='lat' dir='ltr'>in</span> <span class='ocrx_word' id='word_1_281' title='bbox 1458 2701 1641 2745; x_wconf 77' lang='lat' dir='ltr'>Ecclesia</span> <span class='ocrx_word' id='word_1_282' title='bbox 1679 2714 1793 2757; x_wconf 80' lang='lat' dir='ltr'>prae-</span> 
     </span>
     <span class='ocr_line' id='line_1_58' title="bbox 162 2767 1796 2829; baseline 0.003 -19"><span class='ocrx_word' id='word_1_283' title='bbox 162 2767 351 2811; x_wconf 85' lang='lat' dir='ltr'>scribunt</span> <span class='ocrx_word' id='word_1_284' title='bbox 386 2782 457 2825; x_wconf 82' lang='lat' dir='ltr'>pro</span> <span class='ocrx_word' id='word_1_285' title='bbox 491 2769 734 2813; x_wconf 85' lang='lat' dir='ltr'>diversitate</span> <span class='ocrx_word' id='word_1_286' title='bbox 768 2783 1036 2826; x_wconf 81' lang='lat' dir='ltr'>personarum</span> <span class='ocrx_word' id='word_1_287' title='bbox 1071 2784 1151 2829; x_wconf 84' lang='lat' dir='ltr'>qua</span> <span class='ocrx_word' id='word_1_288' title='bbox 1187 2772 1343 2828; x_wconf 77' lang='lat' dir='ltr'>talium,</span> <span class='ocrx_word' id='word_1_289' title='bbox 1380 2772 1615 2816; x_wconf 87' lang='lat' dir='ltr'>mediorum</span> <span class='ocrx_word' id='word_1_290' title='bbox 1646 2773 1694 2816; x_wconf 82' lang='lat' dir='ltr'>ad</span> <span class='ocrx_word' id='word_1_291' title='bbox 1722 2771 1796 2815; x_wconf 86' lang='lat' dir='ltr'>Ec-</span> 
     </span>
     <span class='ocr_line' id='line_1_59' title="bbox 160 2838 1791 2900; baseline 0.002 -18"><span class='ocrx_word' id='word_1_292' title='bbox 160 2838 315 2883; x_wconf 86' lang='lat' dir='ltr'>clesiae</span> <span class='ocrx_word' id='word_1_293' title='bbox 350 2840 480 2897; x_wconf 86' lang='lat' dir='ltr'>ipsius</span> <span class='ocrx_word' id='word_1_294' title='bbox 514 2842 635 2884; x_wconf 88' lang='lat' dir='ltr'>linem</span> <span class='ocrx_word' id='word_1_295' title='bbox 671 2854 691 2884; x_wconf 81' lang='lat' dir='ltr'>a</span> <span class='ocrx_word' id='word_1_296' title='bbox 726 2842 900 2898; x_wconf 85' lang='lat' dir='ltr'>siugulis</span> <span class='ocrx_word' id='word_1_297' title='bbox 922 2855 1089 2900; x_wconf 84' lang='lat' dir='ltr'>quoque</span> <span class='ocrx_word' id='word_1_298' title='bbox 1112 2843 1434 2900; x_wconf 80' lang='lat' dir='ltr'>assequendum,</span> <span class='ocrx_word' id='word_1_299' title='bbox 1458 2848 1497 2886; x_wconf 92' lang='lat' dir='ltr'>et</span> <span class='ocrx_word' id='word_1_300' title='bbox 1525 2856 1791 2900; x_wconf 79' lang='lat' dir='ltr'>processuum</span> 
     </span>
    </p>
   </div>
   <div class='ocr_carea' id='block_1_10' title="bbox 249 2929 958 2961">
    <p class='ocr_par' dir='ltr' id='par_1_18' title="bbox 249 2929 958 2961">
     <span class='ocr_line' id='line_1_60' title="bbox 249 2929 958 2961; baseline 0.004 -4"><span class='ocrx_word' id='word_1_301' title='bbox 249 2929 344 2958; x_wconf 76' lang='lat' dir='ltr'>BLAT</span> <span class='ocrx_word' id='word_1_302' title='bbox 367 2946 385 2952; x_wconf 92' lang='lat'>-</span> <span class='ocrx_word' id='word_1_303' title='bbox 411 2929 534 2961; x_wconf 85' lang='lat' dir='ltr'>Comm.</span> <span class='ocrx_word' id='word_1_304' title='bbox 564 2931 649 2959; x_wconf 73' lang='lat' dir='ltr'>Text.</span> <span class='ocrx_word' id='word_1_305' title='bbox 675 2930 751 2961; x_wconf 80' lang='lat' dir='ltr'>cod.</span> <span class='ocrx_word' id='word_1_306' title='bbox 778 2931 850 2960; x_wconf 72' lang='grc' dir='ltr'><em>[τιν.</em></span> <span class='ocrx_word' id='word_1_307' title='bbox 877 2931 958 2960; x_wconf 78' lang='lat' dir='ltr'>Can.</span> 
     </span>
    </p>
   </div>
   <div class='ocr_carea' id='block_1_11' title="bbox 1696 2933 1711 2961">
    <p class='ocr_par' dir='ltr' id='par_1_19' title="bbox 1696 2933 1711 2961">
     <span class='ocr_line' id='line_1_61' title="bbox 1696 2933 1711 2961; baseline 0 0"><span class='ocrx_word' id='word_1_308' title='bbox 1696 2933 1711 2961; x_wconf 87' lang='lat'>1</span> 
     </span>
    </p>
   </div>
  </div>
 </body>
</html>
