1981 3182
1665 249 1742 272 CAN.
1780 249 1859 271 PAG.

1793 300 1862 334 170
1902 351 1906 354 .

238 121 308 155 328
686 131 808 155 mmm<
839 130 1031 158 CANONUM
1057 133 1109 157 m*
1134 132 1414 166 COMMENTARH

236 295 454 329 Distinctio
480 295 557 329 alia
582 296 750 330 iuridica
775 308 860 330 eam
887 297 991 331 inter
1015 302 1054 332 et
1080 309 1283 332 censuram
1372 326 1379 332 .
1483 328 1487 333 .
1592 328 1598 334 .
1650 299 1742 334 2287

237 353 449 398 Suspensio
476 355 754 399 exequutionis
781 357 1003 390 sententiae
1042 385 1048 390 .
1151 385 1156 390 .
1262 384 1268 390 .
1371 383 1378 391 .
1481 384 1488 391 .
1590 385 1597 391 .
1649 358 1742 392 2288

238 411 412 446 Cessatio
438 424 583 457 poenae
610 414 877 448 vindicativae
930 442 936 448 .
1041 444 1046 449 .
1151 443 1156 448 .
1261 442 1268 449 .
1372 442 1378 449 .
1480 443 1488 450 .
1590 443 1597 450 .
1649 417 1741 451 2289

237 469 449 515 Suspensio
468 483 512 505 ac
529 472 770 516 dispensatio
789 484 934 517 poenae
954 474 1219 509 vindicativae
1243 486 1309 518 per
1327 474 1596 509 confessarios.
1649 475 1742 510 2290

509 601 646 637 CAPUT
672 602 702 636 I.
732 623 777 627 -—
803 603 857 638 De
883 603 1015 647 poenis
1040 604 1283 638 vindicativis
1309 604 1588 639 communibus.

237 704 415 740 Canones
441 708 644 742 2291-2297

237 763 391 798 Divisio
418 765 542 799 Tituli
567 773 607 800 et
634 767 838 812 inscriptio
865 768 1006 812 capitis
1032 768 1159 812 primi.

239 822 340 857 Ordo
367 836 562 859 canonum
604 853 610 860 .

237 882 388 916 Harum
414 895 625 928 poenarum
651 886 895 920 enumeratio
934 913 940 919 .
1043 914 1049 919 .
1154 914 1160 920 .
1266 916 1270 921 .
1374 915 1380 920 .
1484 914 1490 921 .
1593 913 1600 921 .
1652 887 1743 921 2291

236 940 414 977 Privatio
440 944 543 977 sedis
568 949 614 977 ut
641 944 827 978 laicorum
854 956 979 990 poena
1042 972 1048 978 .
1151 973 1156 978 .
1261 974 1267 979 .
1372 973 1378 980 .
1482 973 1488 979 .
1592 973 1598 979 .
1651 946 1743 980 2292

235 999 425 1036 Infamiae
451 1002 619 1047 duplicis
646 1004 757 1037 notio
821 1033 825 1037 .
930 1031 936 1037 .
1038 1031 1046 1038 .
1150 1032 1155 1038 .
1259 1031 1266 1038 .
1371 1033 1376 1038 .
1480 1032 1486 1038 .
1591 1033 1597 1039 .
1650 1005 1744 1039 2293

235 1059 424 1095 Infamiae
450 1060 613 1096 effectus
640 1062 797 1096 iuridici
819 1089 826 1096 .
931 1091 936 1096 .
1041 1090 1047 1096 .
1151 1090 1157 1096 .
1262 1092 1267 1098 .
1371 1091 1377 1097 .
1481 1091 1487 1098 .
1591 1091 1598 1098 .
1651 1065 1744 1099 2294

236 1119 424 1154 lniamiae
447 1121 680 1155 alterutrius
710 1122 876 1155 cessatio
929 1149 935 1155 .
1038 1149 1045 1155 .
1149 1149 1155 1155 .
1259 1149 1266 1156 .
1369 1151 1375 1156 .
1481 1154 1486 1158 .
1590 1151 1596 1157 .
1650 1123 1743 1157 2295

236 1178 293 1212 De
319 1178 588 1214 inhabilitatis
617 1192 741 1225 poena
824 1208 830 1215 .
935 1210 940 1215 .
1044 1208 1049 1214 .
1154 1209 1159 1214 .
1263 1209 1269 1215 .
1373 1210 1379 1215 .
1482 1210 1488 1216 .
1592 1211 1598 1217 .
1651 1183 1744 1217 2296

234 1238 291 1272 De
317 1239 488 1273 mulctae
514 1240 763 1284 pecuniariae
784 1240 1050 1285 applicatione
1152 1267 1158 1274 .
1262 1270 1268 1275 .
1372 1268 1378 1274 .
1482 1269 1488 1275 .
1591 1269 1598 1276 .
1650 1241 1742 1276 2297

379 1369 516 1404 CAPUT
542 1370 590 1403 Π.
615 1389 657 1395 -
685 1371 740 1404 De
765 1370 1028 1414 peculiaribus
1053 1371 1283 1405 clericorum
1310 1372 1442 1415 poenis
1468 1372 1726 1407 vindicativis.

237 1474 413 1509 Canones
443 1475 648 1510 2298-2305

238 1535 444 1579 Inscriptio
470 1536 612 1580 capitis
639 1541 678 1570 et
704 1547 900 1570 canonum
918 1536 1160 1570 coordinatio

235 1593 490 1629 Enumeratio
517 1595 744 1629 huiusmodi
775 1607 988 1640 poenarum
1042 1623 1048 1629 .
1152 1623 1158 1629 .
1263 1623 1268 1629 .
1372 1623 1379 1629 .
1484 1625 1489 1630 .
1593 1623 1600 1629 .
1652 1596 1745 1630 2298

236 1652 292 1687 De
317 1654 543 1698 privatione
570 1654 749 1689 beneficii
775 1660 894 1700 atque
920 1654 1185 1700 prohibitione
1213 1646 1426 1689 ministerii
1482 1681 1488 1688 .
1593 1684 1598 1689 .
1651 1655 1744 1688 2299

235 1712 292 1745 De
318 1713 541 1757 privatione
568 1713 615 1747 ad
642 1718 797 1759 tempus
822 1714 950 1748 habiti
977 1714 1233 1748 ecclesiastici
1263 1741 1269 1747 .
1375 1742 1379 1747 .
1484 1742 1489 1747 .
1593 1741 1598 1747 .
1651 1713 1744 1748 2300

234 1771 292 1805 De
318 1773 556 1816 praescripto
582 1774 900 1807 commorationis
927 1779 1032 1807 certo
1059 1774 1099 1807 in
1126 1774 1210 1807 loco
1263 1801 1269 1807 .
1373 1800 1380 1806 .
1483 1800 1489 1805 .
1593 1799 1599 1806 .
1651 1773 1742 1806 2301

235 1831 383 1866 Causae
401 1832 448 1865 ad
464 1831 564 1866 hanc
582 1833 929 1877 praescriptionem
944 1837 1013 1866 aut
1029 1833 1265 1866 contrariam
1280 1831 1600 1876 prohibitionem⁴
1652 1832 1745 1865 2302

235 1891 292 1925 De
318 1902 443 1936 poena
469 1891 727 1935 depositionis
822 1919 827 1924 .
932 1919 937 1924 .
1042 1919 1048 1924 .
1153 1920 1158 1925 .
1262 1918 1268 1924 .
1373 1896 1382 1924 .’
1482 1919 1488 1924 .
1593 1919 1598 1924 .
1651 1891 1744 1924 2303

234 1949 290 1983 De
318 1950 538 1994 privatione
565 1955 754 1994 perpetua
780 1950 977 1984 deferendi
1004 1950 1185 1983 habitum
1212 1949 1522 1984 ecclesiasticum
1592 1976 1599 1983 .
1651 1949 1744 1982 2304

236 2008 407 2042 Maxima
432 2009 663 2042 clericorum
689 2020 813 2053 poena
841 2009 1084 2043 vindicativa
1153 2036 1159 2042 .
1263 2038 1269 2042 .
1372 2036 1378 2041 .
1483 2036 1488 2041 .
1593 2036 1598 2042 .
1650 2008 1743 2041 2305

922 2149 1107 2186 TlTULL'S
1134 2149 1175 2184 X.

595 2228 650 2261 De
679 2227 867 2262 remediis
897 2227 1141 2269 poenalibus
1168 2229 1206 2261 et
1234 2227 1508 2269 poenitentiis.

639 2345 775 2380 CAPUT
801 2345 831 2379 Ι.
860 2366 906 2370 —
934 2347 985 2380 De
1011 2345 1191 2380 remediis
1216 2345 1454 2389 poenalibus.

237 2436 414 2470 Canones
440 2435 641 2470 2306-2311

237 2495 447 2539 Inscriptio
473 2495 599 2528 Tituli
625 2500 742 2539 atque
770 2495 930 2539 Capitis,
954 2493 1150 2537 huiusque
1177 2503 1372 2526 canonum
1392 2492 1600 2528 ordinatio.

236 2554 490 2588 Enumeratio
517 2554 777 2588 remediorum
803 2553 1046 2597 poenalium.
1151 2580 1156 2585 .
1261 2579 1266 2584 .
1371 2578 1377 2585 .
1481 2579 1486 2585 .
1591 2578 1597 2585 .
1649 2552 1741 2585 2306

237 2613 493 2655 Quandonam
521 2614 573 2647 sit
600 2614 765 2647 monitio
792 2612 969 2646 facienda
1041 2638 1048 2645 .
1152 2639 1157 2644 .
1261 2638 1267 2644 .
1371 2637 1377 2644 .
1481 2637 1487 2643 .
1591 2639 1597 2644 .
1649 2610 1740 2644 2307

236 2672 398 2714 Quando
425 2677 464 2706 et
491 2672 661 2717 qualiter
687 2673 739 2705 sit
766 2672 875 2705 locus
907 2671 1156 2715 correptioni.
1259 2697 1265 2703 .
1369 2696 1376 2703 .
1480 2696 1486 2703 .
1589 2695 1596 2703 .
1649 2670 1741 2704 2308

235 2731 389 2765 Divisio
415 2731 624 2775 utriusque
651 2730 810 2764 remedii
838 2742 878 2764 ac
907 2730 1043 2763 modus
1071 2728 1286 2762 servandus
1374 2756 1380 2762 .
1481 2755 1487 2761 .
1590 2754 1597 2761 .
1650 2728 1742 2762 2309

236 2790 293 2824 De
319 2796 538 2834 praecepto,
568 2789 628 2823 uti
655 2789 808 2833 poenali
839 2789 1008 2823 remedio
1045 2815 1051 2821 .
1153 2817 1158 2821 .
1262 2816 1267 2822 .
1371 2814 1377 2820 .
1480 2813 1487 2820 .
1590 2814 1596 2820 .
1649 2787 1742 2821 2310

237 2850 293 2883 De
321 2849 533 2894 vigilantia
600 2875 606 2881 .
710 2876 716 2881 .
820 2875 826 2880 .
930 2874 936 2880 .
1041 2875 1046 2880 .
1151 2873 1157 2879 .
1261 2873 1267 2878 .
1370 2873 1376 2879 .
1481 2874 1486 2879 ,
1589 2872 1596 2879 .
1648 2845 1738 2879 2311

1791 418 1859 452 171

1794 710 1863 745 173

1795 785 1862 863 1Ξ4

1795 903 1862 980 1}ss

1796 1021 1860 1098 [w

1794 1123 1862 1157 178

1795 1241 1862 1276 179

1796 1477 1863 1512 180

1796 1538 1861 1571 181

1816 1608 1836 1629 >>

1795 1655 1862 1688 182

1795 1714 1862 1748 183

1795 1773 1861 1807 184

1795 1890 1862 1924 185

1796 1948 1862 1983 186

1799 2432 1858 2466 187

1794 2492 1860 2526 188

1794 2611 1859 2645 189

1793 2670 1859 2703 190

1793 2787 1858 2820 191

1792 2846 1858 2879 192
