1981 3182
63 53 226 76 ,νζ-μ’·-

143 141 234 178 Can.
261 140 355 176 2255
539 141 622 175 Tl'r.
648 141 756 175 VIII.
787 162 797 166 -
824 141 881 175 De
900 144 1039 186 poenis
1066 143 1366 177 medicinalibus
1682 144 1749 178 123

121 263 160 302 et
193 257 391 314 implicite
424 260 560 301 omnia
598 258 782 301 membra
817 260 940 301 etiam
976 259 1156 313 innoxia,
1196 260 1265 301 setl
1313 265 1356 301 u!
1397 273 1620 316 persommz
1663 274 1747 303 mo-

119 328 253 372 ralem
287 328 411 372 idest:
447 329 581 385 quoad
618 328 803 371 eiusdem
841 330 928 370 iura
977 343 997 368 ((
1022 328 1186 371 afficere
1238 334 1365 384 potest
1391 345 1431 380 »,
1465 334 1501 372 et
1552 329 1645 373 hinc
1692 332 1747 372 vi-

120 400 266 442 demus
286 399 398 441 Pium
421 398 470 441 lX
497 404 621 443 const.
657 397 953 454 «Apostolicae
977 398 1129 441 Sedis»
1158 402 1622 455 excommunicationes,
1643 413 1749 457 quae

122 472 159 512 in
195 472 337 512 maiori
372 474 467 512 sunt
501 482 687 522 nurnero,
720 470 910 511 statuisse
946 471 982 510 in
1018 468 1182 522 delicta,
1217 482 1322 525 quae
1358 484 1429 526 per
1462 470 1646 526 singulos
1681 483 1747 526 pa-

121 542 218 583 trari
252 545 423 597 queunt,
457 540 554 583 (lum
590 542 627 582 in
661 542 685 593 g
721 537 750 580 V
795 541 1032 581 invenimus
1076 540 1268 582 eumtlem
1314 540 1352 583 S.
1390 540 1501 582 l'ont.
1546 543 1604 583 sic
1651 543 1748 584 inci-

123 624 236 668 pere:
276 626 298 651 «
320 611 638 666 Suspensionem
674 613 760 666 ipso
794 611 901 653 facto
935 612 1153 652 incurrunt
1186 622 1206 652 a
1241 623 1409 653 suorum
1447 611 1748 653 Beneficiorum

122 684 384 738 perceptione
418 681 466 723 atl
505 680 808 736 beneplacitum
851 680 888 723 S.
924 680 1040 722 Sedis
1087 679 1273 735 Capitula
1315 685 1351 723 et
1396 680 1638 724 Conventus
1680 681 1750 725 Ec-

120 752 339 796 clesiarum
374 756 413 794 et
448 751 804 800 Monasteritnuin,
840 756 917 793 etc.
943 766 983 803 )),
1018 755 1141 807 atque
1177 754 1213 793 in
1239 753 1266 807 ξ
1290 749 1339 792 Vl
1361 753 1625 796 decrevisse:
1650 767 1671 792 «
1690 751 1750 794 ln-

121 822 339 866 tertlictun]
376 821 513 865 Rom.⁰
551 821 677 864 l'ont.³
711 821 1037 877 specialimotlo
1073 826 1331 864 reservatum
1368 823 1455 877 ipso
1493 824 1580 864 iure
1616 824 1751 864 incur-

122 897 214 935 runt
249 890 761 947 Universitates,Collegia
797 896 833 934 et
868 890 1071 947 Capitula,
1097 905 1362 947 quocumque
1394 894 1562 935 nomine
1596 905 1751 935 nuncu-

123 968 281 1020 pentur,
315 968 392 1006 etc.
417 978 455 1007 n.
492 961 539 1005 Et
575 962 650 1005 lioc
685 963 792 1005 itlem
828 976 877 1005 ex
903 962 1023 1005 (lictis
1049 964 1226 1004 inveniri
1266 962 1371 1004 valet
1413 964 1450 1004 in
1484 962 1649 1005 Codice.

241 1034 508 1090 Prosequitur
540 1046 694 1075 canon:
730 1033 1105 1075 areommmtieatio
1139 1038 1178 1075 e!
1213 1032 1500 1089 interdicimur,
1526 1032 1577 1074 ll⁰
1597 1036 1753 1076 ratione

121 1104 406 1161 amplitudinis
437 1104 571 1162 quoad
611 1117 806 1159 personas
839 1108 875 1146 ct
913 1103 1014 1153 loca,
1045 1119 1063 1143 ((
1088 1104 1253 1146 allicere
1280 1109 1456 1159 potest»
1488 1108 1649 1159 praeter
1672 1103 1751 1146 cle-

124 1178 229 1219 ricos
261 1175 387 1217 eliam
422 1174 578 1223 laicos,-
609 1175 706 1217 ‹lum
742 1175 960 1232 suspensio
995 1188 1042 1217 ex
1079 1178 1139 1217 sui
1177 1180 1320 1217 natura
1375 1174 1548 1217 elericos
1593 1180 1750 1216 lautam

127 1246 340 1289 videlicet:
373 1245 517 1289 saltem
557 1250 723 1302 propter
748 1247 921 1302 primani
949 1250 1181 1294 tonsuram2
1202 1244 1490 1299 interdictam,
1516 1245 1617 1287 illos.
1645 1248 1753 1290 istos,

123 1322 161 1360 et
193 1316 318 1358 eliam
354 1315 486 1359 locum
520 1316 676 1359 ‹lirecle
716 1332 735 1356 «
759 1316 924 1359 afficere
961 1321 1088 1371 potest
1115 1332 1153 1360 )),
1188 1329 1269 1372 quo
1306 1318 1341 1357 in
1378 1328 1473 1358 casu
1514 1316 1618 1358 valet
1643 1316 1751 1373 quod

125 1390 255 1445 inquit
290 1387 418 1430 Bonit'.
448 1386 530 1429 vttl
558 1390 594 1429 in
615 1400 704 1443 cap.
728 1388 779 1430 26
809 1404 828 1427 «
854 1387 904 1430 tle
927 1389 1128 1429 sententia
1154 1390 1612 1437 excominunicattonis,
1633 1393 1709 1429 etc.
1729 1402 1748 1427 »

127 1457 193 1515 (V.
229 1457 301 1514 11)
337 1460 373 1500 in
411 1457 468 1502 6⁰:
508 1459 768 1501 «Caeterum
820 1443 912 1499 cum
950 1463 1119 1513 propter
1152 1457 1348 1500 delictum
1384 1457 1539 1499 domini
1587 1456 1648 1499 vet
1695 1470 1754 1500 re-

123 1531 261 1575 eloris.
295 1534 353 1571 est
389 1531 537 1571 civitas
572 1529 812 1571 interdicta:
863 1530 979 1570 cives
1028 1528 1211 1570 eiusdem
1263 1527 1351 1584 (qui
1401 1527 1628 1583 culpabiles
1676 1541 1753 1569 non

123 1600 381 1655 existunt‚...)
419 1604 585 1655 possunt
621 1604 737 1642 extra
764 1601 891 1654 ipsam
920 1598 1028 1641 licite
1055 1601 1252 1641 interesse
1277 1599 1434 1640 (lirinis
1459 1614 1496 1651 n,
1521 1598 1617 1641 (lum
1646 1600 1757 1653 prius

121 1670 228 1714 dicta
265 1683 361 1726 prae
395 1669 524 1713 oculis
559 1669 697 1712 habuit
732 1669 855 1725 Greg.
883 1668 914 1711 X
952 1671 988 1711 in
1015 1669 1137 1711 (lonc.
1163 1668 1444 1724 Lugdunensi,
1478 1669 1753 1726 quamlosan-

123 1743 221 1784 civit
255 1746 395 1783 contra
432 1743 643 1783 usurarios
679 1741 713 1782 ¹:
754 1756 775 1780 «
799 1740 876 1794 Qui
913 1741 1247 1790 contrafecertnt,
1282 1741 1313 1781 si
1357 1752 1554 1795 personae
1604 1740 1754 1781 t'uerint

122 1811 441 1863 ecclesiasticae,
493 1810 769 1860 l'atriarchae,
821 1810 1150 1866 Arcliiepiscopi,
1202 1809 1407 1865 Episcopi,
1458 1811 1755 1865 suspensionis,

126 1883 304 1924 minores
340 1895 437 1924 vero
474 1894 671 1937 personae
704 1880 951 1936 singulares,
975 1881 1433 1923 excommunicationis.
1457 1881 1488 1921 si
1515 1884 1650 1921 autem
1677 1878 1755 1921 col-

125 1951 276 2009 legium
309 1965 380 1995 seu
415 1951 493 1995 alia
529 1954 779 1994 universitas
815 1951 1020 1993 interdicti
1067 1953 1313 1993 sententiam
1364 1963 1407 1992 se
1457 1951 1648 1991 noverint
1698 1952 1755 1990 in-

124 2036 323 2066 cursuros
345 2039 385 2064 ».

244 2095 426 2151 Denique
465 2108 602 2137 (ccum
654 2093 912 2136 medicinalis
963 2095 1010 2135 sit
1062 2093 1440 2134 excommunicatio
1465 2107 1485 2131 ))
1527 2090 1538 2106 ²
1574 2103 1755 2146 semper,

123 2165 361 2208 decernitur
395 2167 432 2207 in
467 2177 625 2208 canone
677 2163 745 2206 ΙΙΙΟ
780 2162 1155 2205 esrommunimlz'o
1199 2167 1259 2204 esi
1304 2175 1466 2219 semper
1500 2174 1704 2205 censura:
1736 2174 1757 2203 e

124 2240 263 2278 contra
299 2235 569 2277 interdictum
603 2240 641 2276 e!
674 2233 893 2291 suspensio
941 2233 1169 2275 set-undum
1221 2245 1363 2274 eorum
1409 2232 1755 2287 significationem

129 2306 348 2349 verborum
371 2311 547 2363 possunt
571 2319 659 2347 esse
679 2304 739 2346 vel
757 2317 959 2346 censurae
979 2303 1251 2345 remittendae
1276 2318 1297 2342 «
1324 2316 1395 2357 per
1413 2301 1712 2344 absolutionem
1734 2316 1752 2340 )>

128 2377 235 2432 (can.
272 2377 399 2429 2236,
432 2380 457 2430 ᾗ
496 2377 548 2432 l).
584 2390 691 2433 quae
730 2376 969 2431 «denegari
1013 2376 1154 2430 nequit
1187 2386 1280 2415 cuni
1309 2375 1485 2428 primum
1513 2372 1758 2427 delinquens

126 2459 145 2490 a
180 2450 439 2490 contumacia
476 2450 691 2489 recesserit
716 2462 737 2486 »
777 2445 884 2502 (can.
913 2446 1024 2487 2218
1063 2444 1090 2501 3
1118 2443 1172 2499 1),
1198 2443 1259 2486 rel
1279 2457 1439 2499 poenae
1464 2441 1758 2487 vimlicalivae.

125 2530 172 2560 ac
206 2523 301 2560 tunc
350 2530 492 2560 earum
549 2519 782 2559 «remissio
831 2530 902 2572 per
951 2515 1300 2570 ‹iisgieiisali‹)neiii
1352 2513 1523 2555 concedi
1575 2517 1749 2568 potest»

125 2587 218 2644 (can
270 2588 396 2639 2236,
432 2590 455 2641 ξ
494 2587 545 2643 l).
581 2585 714 2639 Quam
767 2591 955 2628 naturam
1007 2585 1179 2627 induant
1228 2583 1382 2639 patebit
1434 2596 1482 2625 ex
1529 2582 1756 2625 canonibus

130 2657 249 2701 liuius
282 2660 441 2715 capitis,
475 2657 560 2711 sed,
595 2658 690 2713 qnia
726 2658 837 2698 iuxta
875 2669 958 2711 reg.
997 2657 1096 2696 iuris
1131 2654 1184 2695 30
1219 2656 1256 2695 in
1284 2652 1341 2696 6⁰:
1372 2668 1391 2692 «
1418 2653 1457 2695 ln
1484 2652 1670 2695 obscuris
1692 2654 1760 2692 rni-

129 2730 284 2770 nimum
320 2733 377 2770 cst
413 2727 671 2785 sequendum
700 2742 738 2779 n,
774 2730 911 2768 monet
947 2724 1178 2780 legislator:
1214 2722 1255 2765 in
1289 2722 1413 2765 dubio
1450 2724 1549 2764 iuris
1576 2721 1637 2763 vot
1666 2723 1758 2763 facti

248 2883 257 2902 ¹
289 2881 379 2925 Cap.
414 2883 454 2913 145
482 2880 559 2916 Tit.
588 2880 644 2913 XI
672 2879 758 2913 Lib.
789 2879 821 2910 V
849 2878 889 2911 in
918 2878 967 2910 50.
1001 2898 1020 2902 -
1068 2876 1082 2898 ‘2
1109 2876 1199 2920 Cap.
1231 2877 1248 2909 1
1276 2875 1453 2909 eiusdem
1479 2875 1545 2908 tit.
1574 2874 1614 2907 in
1642 2873 1689 2906 6⁰.
