1981 3182
1231 4 1233 6 -
1252 0 1265 6 ⁸-
1307 0 1347 18 hp*
1370 0 1439 20 Vri-,32
1459 0 1472 10 a·
1486 0 1539 15 “Qvi

232 170 301 202 26¹)
603 169 686 202 Lus.
708 169 753 202 V.
775 190 786 194 -
811 170 917 203 PARS
934 171 1006 205 ΙΙΙ.
1031 192 1040 197 -
1063 173 1115 206 De
1128 176 1266 216 poenis
1286 176 1324 207 in
1346 175 1487 208 delicta
1537 175 1630 210 Can.
1657 176 1862 212 2354-25355

348 288 452 341 Quia
488 302 536 331 ex
572 301 662 332 can.
698 289 780 332 1220
814 292 838 344 ἓ
873 290 887 332 1
928 305 952 332 (ε
977 291 1115 334 cleriei
1152 294 1189 334 in
1224 292 1416 336 omnibus
1448 296 1625 338 causis..
1659 295 1768 343 apud
1803 298 1859 339 iu-

229 360 363 402 dicem
398 359 724 403 ecclesiasticum
760 363 975 404 conveniri
1009 362 1174 418 debent,
1198 378 1219 402 »
1257 365 1397 405 statuit
1430 370 1733 421 consequenter
1758 369 1783 420 ἓ
1814 369 1856 410 2.

231 429 417 473 Clericus
449 444 544 473 vero
584 446 604 471 (‹
629 444 701 487 per
735 433 910 487 primam
944 433 1088 476 saltem
1126 439 1335 476 tonsuram
1362 449 1381 474 ))
1412 433 1520 491 (can.
1543 435 1638 489 108,
1662 435 1690 492 ξ
1710 435 1767 492 1),
1785 437 1855 480 sed

226 502 560 558 interpretandus
593 502 643 545 de
677 502 861 559 quolibet
899 506 986 546 viro
1021 509 1088 547 aut
1126 503 1312 558 muliere,
1348 507 1413 547 cui
1452 511 1659 562 competat
1701 506 1754 550 ob
1795 507 1855 550 di-

227 585 367 615 versos
401 585 580 616 canones
614 572 881 630 privilegium
917 575 1006 626 fori,
1040 575 1112 632 qni
1145 574 1320 632 aliquod
1361 574 1556 618 delictum
1601 577 1856 621 commiserit

222 642 272 685 de
305 642 453 700 quibus
486 644 579 687 data
614 645 686 687 fuit
721 644 947 688 declaratio
983 646 1022 688 in
1058 646 1084 704 ξ
1119 649 1139 688 1
1173 646 1250 689 sub
1283 647 1462 690 diversis
1504 649 1592 690 eius
1635 647 1793 704 litteris,
1829 664 1853 691 a

224 713 430 757 tribimali
477 714 760 758 ecclesiastico
804 717 1061 774 proindeque
1107 717 1357 760 iudicialiter
1397 715 1608 774 puniatur
1645 722 1768 762 etiam
1813 723 1850 763 in

227 801 246 825 <t
272 785 370 829 locis
406 785 726 842 particularibus
762 787 829 830 ubi
863 787 981 831 aliter
1014 788 1167 845 (quoad
1205 789 1280 831 fori
1318 788 1605 846 privilegium)
1639 792 1850 846 provisum

221 857 343 899 suerit
366 872 386 897 ))
426 856 534 914 (can.
573 857 653 900 120
686 858 713 915 ξ
750 858 803 914 1).
840 857 1015 915 Etenim,
1047 872 1125 916 pro
1158 858 1326 901 diversa
1360 864 1505 902 reatus
1539 865 1620 903 tam
1655 859 1708 904 eb
1750 874 1849 918 qua-

220 930 376 971 litatem
420 928 558 972 delicti
604 941 728 987 quam
771 929 821 972 ob
865 933 1136 986 quantitatem
1183 930 1517 974 «dimetiendi»
1567 931 1676 989 (can.
1717 931 1848 989 2196)

208 999 439 1054 ⁴qraeitate,
475 1000 708 1055 puniendus
751 1005 811 1043 est
856 1003 895 1042 vi
939 1000 1060 1043 huius
1093 1004 1262 1045 canonis
1303 1001 1567 1046 «clericus»
1614 1004 1748 1046 minus
1785 1003 1847 1046 vel

218 1071 363 1126 magis,
400 1071 656 1128 proindeque
690 1071 941 1114 disiunctixe
975 1070 1015 1128 a)
1048 1072 1321 1130 poenitentiis
1354 1073 1403 1116 ad
1440 1085 1626 1117 normam
1652 1076 1798 1130 capitis
1819 1074 1849 1117 ll

210 1140 290 1184 sub
324 1140 458 1184 Titulo
494 1140 543 1195 X,
578 1140 620 1197 b)
655 1141 843 1184 censuris
879 1142 1004 1185 idest:
1050 1142 1190 1199 aliqua
1233 1155 1389 1195 earum,
1424 1142 1464 1200 c)
1500 1143 1744 1201 privatione
1785 1144 1847 1202 of-

212 1211 299 1267 fieii
331 1226 379 1254 ae
411 1211 611 1268 beneficii,
654 1218 773 1269 prout
816 1213 1061 1256 alterutrum
1105 1214 1323 1270 possideat,
1365 1213 1408 1271 d)
1453 1213 1678 1272 cliynitatis
1721 1217 1845 1258 etiam

211 1285 383 1325 minoris
417 1297 495 1326 non
531 1283 738 1338 exclusae,
774 1290 825 1334 et,
860 1284 897 1326 si
930 1298 996 1326 res
1018 1284 1133 1341 ferat
1157 1284 1208 1328 ob
1232 1284 1370 1328 delicti
1395 1287 1643 1341 gravitatem
1665 1286 1845 1329 fortassis

205 1367 259 1397 ex
293 1357 616 1398 circumstantiis
650 1355 699 1398 ad
735 1368 922 1398 normam
957 1362 1064 1398 ean.S
1091 1356 1202 1399 2218
1236 1356 1263 1413 ξ
1292 1357 1325 1409 l,
1351 1356 1476 1399 etiam
1501 1356 1545 1413 d)
1570 1355 1843 1413 depositione,

204 1438 314 1482 quae
348 1426 602 1469 nominanda
635 1431 736 1480 erat,
770 1439 818 1469 eo
852 1427 961 1484 quod
1002 1442 1022 1467 c(
1048 1427 1176 1483 infligi
1213 1430 1369 1485 nequit,
1394 1429 1468 1470 nisi
1505 1429 1543 1470 in
1567 1427 1732 1471 casIbus
1755 1430 1843 1471 iure

204 1499 452 1553 expressis»
483 1497 590 1554 (can.
615 1497 740 1548 2303,
763 1497 791 1556 ξ
815 1498 871 1554 3).
900 1497 1027 1542 Valde
1052 1497 1244 1542 notabilis
1268 1503 1327 1542 est
1353 1498 1486 1541 finalis
1510 1498 1720 1542 clausula:
1744 1512 1842 1541 rens

149 1566 151 1569 ⁴
208 1581 301 1611 rero
336 1567 554 1611 homicidii
586 1568 824 1627 culpabitis,
847 1569 974 1612 idest:
1009 1582 1103 1612 cum
1129 1569 1347 1613 sufficienti
1374 1569 1672 1613 deliberatione
1697 1583 1840 1626 perpe-

205 1641 299 1682 trati
335 1639 493 1682 directe
531 1639 592 1682 vel
629 1640 844 1694 indirecte,
879 1644 1002 1697 atque
1037 1639 1129 1683 talis
1162 1640 1466 1684 existimandus
1499 1645 1558 1684 est
1601 1643 1725 1683 etiam
1769 1643 1838 1698 qui

210 1725 229 1750 «
255 1712 292 1752 in
329 1710 526 1754 delictum
561 1713 771 1754 concurrit
810 1712 859 1754 ad
907 1724 1095 1754 normam
1139 1724 1228 1754 can.
1266 1712 1394 1765 2209,
1427 1711 1484 1770 §g
1520 1713 1536 1754 1
1577 1716 1616 1755 et
1650 1711 1673 1754 3
1696 1727 1737 1761 )),
1773 1711 1837 1754 liic

203 1780 472 1838 deyradetnr,
507 1794 613 1840 quae
649 1795 776 1838 poena
802 1788 861 1825 est
886 1785 1131 1839 gravissima
1159 1785 1264 1825 inter
1291 1799 1313 1823 ((
1337 1782 1566 1839 peculiares
1587 1782 1835 1826 clericorum

202 1866 355 1909 poenas
392 1855 664 1898 vindicativas
687 1869 726 1905 )>,
760 1858 801 1897 ut
839 1858 948 1909 patet
982 1867 1031 1896 ex
1066 1866 1154 1909 cap.
1192 1853 1220 1895 ll
1256 1853 1377 1896 Tituli
1412 1853 1479 1897 tx.

322 1924 416 1967 197.
452 1926 527 1970 De
558 1927 746 1971 iniuriis
780 1927 1067 1971 verbalibus
1104 1927 1141 1966 in
1180 1938 1351 1967 numero
1377 1938 1511 1981 praec.
1536 1924 1717 1968 definitis
1739 1924 1834 1968 sub-

199 1995 311 2038 ditur
344 2010 433 2038 eant
468 1997 608 2039 3355.
645 1995 690 2039 Si
723 1995 816 2053 quis
852 1995 981 2039 laicus
1018 1998 1078 2038 vel
1115 1995 1293 2038 clericus
1328 1989 1406 2038 non
1442 2009 1501 2050 re,
1537 1995 1663 2039 idest:
1707 1998 1831 2039 actio-

200 2066 320 2110 nibus
368 2067 567 2110 damnum
613 2066 885 2110 inferentibus
928 2069 1105 2122 corpori,
1151 2066 1328 2110 libertati
1374 2066 1435 2109 vel
1483 2066 1599 2110 bonis
1643 2067 1832 2110 fortunae

199 2140 500 2194 proximorum,
534 2137 607 2180 sed
640 2137 773 2180 verbis
806 2137 868 2180 vel
900 2137 1073 2195 seriptis
1108 2137 1167 2180 rel
1201 2136 1291 2180 alia
1327 2137 1473 2195 quavis
1506 2137 1674 2180 ratione
1706 2151 1743 2182 v,
1769 2152 1829 2194 gr.

199 2211 370 2265 picturis
405 2212 532 2252 risum
567 2209 857 2263 excitantibus,
893 2209 1093 2266 gestibus,
1126 2214 1202 2253 etc.
1237 2208 1277 2266 a)
1313 2209 1517 2252 iniuriam
1545 2222 1640 2252 cum
1664 2208 1831 2252 honoris

196 2279 324 2323 debiti
360 2280 539 2324 laesione
573 2281 764 2338 em'qnain
801 2280 967 2332 clerico,
1007 2280 1068 2323 vel
1105 2280 1223 2333 laico.¹
1264 2283 1505 2336 praesertim
1547 2282 1585 2322 in
1629 2279 1829 2336 dignitate

195 2353 418 2394 constituto
453 2351 720 2407 irroqarerit,
759 2352 929 2407 proinde
962 2365 1010 2394 ex
1048 2353 1273 2394 intentione
1307 2356 1430 2408 atque
1464 2364 1558 2394 cum
1584 2351 1746 2402 effectu,
1770 2350 1830 2393 vel

195 2421 238 2473 b)
273 2423 465 2478 praefatis
501 2423 633 2466 modis
676 2423 779 2474 eius,
823 2422 1003 2466 scilicet:
1049 2424 1293 2478 cuiusquam
1332 2427 1371 2464 ut
1405 2434 1543 2478 supra,
1582 2421 1729 2464 bonam
1761 2423 1826 2479 sa-

193 2506 300 2535 mam
336 2506 408 2536 seu
442 2506 706 2537 communem
742 2495 1090 2537 existimationem
1125 2492 1269 2536 saltem
1306 2505 1534 2549 possessam
1560 2492 1733 2535 laeserit
1757 2493 1825 2535 de-

194 2562 396 2607 trahendo
430 2569 497 2607 aut
532 2564 841 2617 calumniando,
878 2578 956 2607 non
992 2563 1125 2606 solum
1157 2568 1293 2621 potest
1327 2563 1367 2619 a)
1402 2562 1458 2606 ad
1500 2577 1688 2607 normam
1732 2577 1823 2608 ean.

193 2636 320 2688 1618,
354 2640 558 2691 quatenus
598 2651 616 2675 «
642 2635 765 2678 iudex
803 2635 1028 2691 procedere
1065 2640 1193 2690 potest
1234 2635 1450 2677 dumtaxat
1493 2634 1543 2678 ad
1588 2636 1822 2677 instantiam

192 2707 341 2760 partis:
377 2705 448 2748 sed
482 2706 733 2763 quandoque
766 2708 889 2749 etiam
925 2719 972 2748 ex
1019 2705 1153 2749 officio
1178 2721 1217 2759 »,
1252 2706 1372 2748 1938
1410 2720 1429 2745 «
1456 2709 1498 2748 ut
1535 2708 1642 2749 actio
1683 2707 1822 2748 crimi-

190 2775 295 2818 nalis
330 2778 612 2819 instituatur»
652 2777 818 2819 diverso
854 2777 988 2823 modo,
1023 2776 1114 2832 eoqi
1149 2790 1221 2828 per
1254 2778 1499 2819 sententiam
1524 2781 1647 2833 atque
1685 2777 1819 2818 forsan

189 2859 284 2889 cum
319 2859 492 2890 censura
527 2846 582 2890 att
615 2846 796 2890 debitam
830 2861 880 2890 ex
916 2847 1091 2890 naturali
1127 2850 1215 2890 iure
1247 2859 1294 2890 ac
1336 2847 1515 2890 humano
1557 2846 1818 2904 satisfactio-

192 2930 283 2958 nem
317 2916 485 2961 honoris
519 2923 555 2961 et
589 2920 721 2961 lamae
752 2917 1054 2975 praestandum
1089 2918 1326 2975 (latiumque
1356 2931 1404 2961 ex
1441 2919 1589 2961 iniuria
1622 2921 1661 2960 et
1703 2917 1817 2960 diffa-

1950 2466 1961 2736 l

1950 2738 1953 2759 l

1916 2824 1924 2832 ¹
1912 2381 1941 2809 manaem-affl*
