1981 3182
195 122 242 156 34
668 120 754 154 [ΑΒ.
782 120 828 154 V.
857 140 870 145 -
897 120 1006 154 PARS
1031 119 1063 153 I.
1092 140 1104 145 -
1130 120 1187 154 De
1212 121 1362 155 delictis
1609 120 1702 156 Can.
1729 120 1825 155 2209

198 238 275 282 hac
308 243 465 281 tantum
501 237 750 293 conditione,
777 237 832 280 illi
860 251 958 281 vere
982 240 1203 294 participes
1227 238 1330 281 siunt
1361 243 1561 295 sequutae
1597 238 1831 281 violationis

199 308 533 364 legispoenalis,
567 308 664 351 dum
694 321 748 351 ex
783 309 905 351 dictis
953 314 1165 364 praeterea
1219 322 1363 351 verum
1410 308 1548 351 dolum
1586 308 1650 352 vel
1683 308 1828 352 saltem

198 379 446 436 culpabilem
484 379 586 435 legis
621 379 798 422 violatae
832 381 1107 435 ignorantiam
1137 381 1196 422 eis
1218 379 1397 422 doluisse
1432 381 1639 436 praesumi
1675 381 1831 437 nequit.

198 449 304 492 Hinc
337 454 431 492 sunt
464 452 603 492 conrei
640 449 902 506 principales,
938 458 1059 506 prout
1092 449 1132 492 hi
1167 462 1290 506 supra
1328 463 1399 506 per
1430 449 1528 493 clar.
1564 449 1683 494 Card.
1723 448 1830 506 Lega

199 520 396 564 declarati
432 524 539 563 sunt.

321 591 503 634 Prudens
528 591 727 634 iudicium
753 591 804 634 de
828 591 894 634 illa
919 591 1057 635 delicti
1086 594 1399 648 participatione
1434 596 1557 648 atque
1591 593 1831 647 praesertim

200 662 251 705 de
276 667 482 718 postrema
520 661 767 718 paragraphi
803 662 1040 705 conditione
1074 663 1343 706 deferendum
1370 667 1443 717 est,
1465 676 1538 718 pro
1563 663 1649 705 foro
1673 664 1834 705 interno

200 733 453 776 confessario
487 732 668 775 discreto
702 737 774 776 aut
810 734 898 774 viro
932 735 1032 776 iuris
1067 735 1197 789 perito
1230 733 1458 776 secuudum
1501 734 1834 776 circumstantia-

202 816 292 846 rum
331 805 561 857 verHatem,
588 816 660 858 pro
695 804 780 845 foro
813 807 952 846 autem
986 808 1158 846 externo
1192 806 1369 860 pertinet
1402 804 1451 847 ad
1477 803 1741 860 Superiorem
1766 807 1835 846 aut

201 873 528 917 ecclesiasticum
566 873 762 928 iudicem,
797 878 920 931 atque
960 874 1232 930 promendum
1269 877 1381 919 iuxta
1414 888 1460 918 ea
1495 887 1600 931 quae
1634 877 1837 930 apparent

206 944 266 987 vel
302 944 479 987 deducta
521 945 698 987 suerunt.

323 1016 379 1057 De
413 1016 575 1057 conreis
608 1016 851 1057 accessoriis
886 1014 1068 1071 loquitur
1101 1015 1318 1058 evidenter
1350 1015 1378 1073 ἓ
1410 1018 1440 1057 4
1472 1015 1627 1058 dicens,
1660 1014 1709 1058 Si
1739 1027 1837 1057 vero

202 1099 345 1129 eorum
364 1084 637 1140 singulorum,
663 1087 732 1142 qui
768 1086 879 1128 iuxta
916 1087 1296 1141 interpretationem
1332 1086 1470 1129 datam
1503 1085 1580 1129 sub
1601 1085 1642 1143 §³
1667 1085 1705 1128 3¹
1729 1085 1838 1128 clau-

202 1156 303 1200 sulis
336 1155 467 1199 tribus
500 1155 789 1211 comprehensi
824 1161 932 1209 sunt,
957 1170 1182 1199 com-ursus
1214 1156 1395 1200 scilicet:
1431 1157 1612 1199 influxus
1648 1155 1710 1198 vel
1746 1168 1839 1212 par-

205 1229 388 1283 ticipatio
420 1225 596 1283 facilius
632 1230 794 1268 tautum
831 1225 1021 1269 reddidit
1060 1226 1256 1269 delictum
1298 1227 1433 1284 quoad
1475 1229 1563 1270 eius
1606 1228 1839 1270 exsecutio-

205 1311 315 1350 nem,
348 1296 458 1354 quod
501 1296 629 1339 etiam
673 1296 764 1339 siue
806 1296 1041 1339 eorumdem
1084 1300 1151 1354 qui
1186 1298 1518 1351 considerantiu,
1551 1299 1735 1340 omnium
1773 1297 1836 1340 vel

203 1368 453 1425 aliquorum,
487 1381 695 1410 concursu
723 1381 818 1410 vere
842 1367 1101 1410 commissum
1127 1367 1294 1425 fuisset,
1322 1380 1370 1412 ac
1396 1368 1569 1424 proinde
1593 1368 1762 1425 quando
1786 1367 1838 1411 ob

204 1441 411 1483 delectum
445 1439 694 1482 conditionis
730 1444 962 1494 postremae
986 1439 1238 1495 paragraphi
1264 1439 1553 1496 praecedentis
1576 1443 1670 1482 sunt
1695 1441 1835 1482 conrei

206 1512 371 1566 proprie
405 1512 641 1564 accessor-ii,
674 1508 878 1552 minorem
914 1522 961 1552 ac
997 1512 1034 1552 in
1070 1509 1209 1553 delicti
1243 1515 1488 1553 exsecutore
1530 1508 1838 1567 imputabilita-

208 1586 299 1633 tem,
333 1581 404 1624 sed
440 1580 545 1623 hanc
576 1580 834 1637 praesefert,
857 1582 951 1637 quia
986 1580 1105 1623 dolus
1142 1594 1266 1624 verus
1299 1583 1358 1624 eis
1391 1586 1558 1638 propter
1592 1580 1713 1624 talem
1748 1594 1842 1624 con-

205 1665 373 1695 cursum
409 1665 488 1694 non
524 1651 667 1695 defuit.

324 1722 351 1779 ἓ
383 1724 424 1765 5.
462 1722 572 1765 Inter
605 1736 674 1765 eos
708 1736 881 1766 conreos
915 1722 1165 1778 principales
1212 1722 1274 1765 vet
1315 1725 1582 1776 accessorios,
1617 1722 1688 1779 qui
1719 1735 1841 1764 suum

206 1793 427 1851 vulturum,
468 1807 584 1849 v.gr.
622 1783 830 1848 mandato,
865 1793 1036 1837 consilio
1071 1794 1255 1836 fortassis
1288 1793 1476 1836 docendo
1511 1795 1619 1836 viam
1656 1795 1838 1849 ignotam

207 1863 346 1907 delicti
384 1864 586 1920 patrandi7
613 1864 782 1919 auxilio,
802 1865 956 1918 favore,
977 1864 1113 1907 aliove
1139 1864 1275 1919 modo,
1294 1864 1335 1906 iu
1361 1863 1559 1907 delictum
1581 1862 1841 1921 patrandum

207 1935 351 1978 saltem
388 1934 563 1987 facilius,
598 1948 645 1978 ac
680 1940 847 1991 propter
881 1935 958 1978 hoc
992 1938 1162 1991 praevie
1197 1940 1236 1978 et
1267 1935 1315 1978 ad
1351 1935 1428 1979 hoc
1448 1934 1562 1978 illum
1588 1935 1841 1988 ordinatum,

207 2011 445 2064 opportuna
479 2006 799 2060 retractatione,
836 2020 872 2047 v.
894 2020 953 2062 gr.
992 2006 1173 2050 mandati
1211 2009 1489 2061 revocatione,
1509 2006 1668 2049 consilii
1705 2019 1842 2062 repro·

210 2076 375 2120 batione
409 2077 546 2119 forsan
582 2077 754 2120 adiectis
790 2076 1031 2131 rationibus,
1066 2077 1208 2120 auxilii
1243 2077 1518 2133 denegatione
1551 2077 1752 2130 ulteriori,
1775 2076 1842 2120 ad-

213 2161 356 2190 versus
405 2148 590 2190 savorem
643 2147 781 2191 verbis
817 2148 878 2190 vel
919 2150 1085 2204 scripto,
1120 2147 1303 2205 qualibet
1351 2160 1495 2190 earnm
1543 2149 1843 2191 eom-ententer

212 2220 396 2260 intimata
424 2232 494 2274 pro
519 2231 661 2261 earum
688 2218 931 2261 diversitate
966 2218 1150 2261 relativis
1175 2221 1372 2274 personis,
1398 2218 1437 2275 a)
1462 2217 1686 2261 abduxerit
1706 2217 1842 2275 plene,

212 2291 264 2331 ita
300 2293 341 2330 ut
378 2291 609 2344 respective
645 2289 856 2331 moraliter
889 2302 936 2332 ac
973 2289 1141 2345 physice
1174 2290 1356 2331 influxus
1388 2294 1519 2332 cesset
1557 2293 1755 2346 quantum
1791 2302 1840 2331 ex

214 2364 327 2414 parte
361 2362 499 2402 coni-ei
549 2360 712 2415 pendet,
747 2359 795 2401 ab
829 2359 943 2402 omui
976 2359 1308 2416 t'mputahz'litate
1339 2363 1502 2416 sequuti
1547 2359 1685 2402 delicti
1733 2358 1843 2402 illius

212 2428 433 2483 liberatur„
469 2442 561 2472 nam
600 2430 735 2472 taliter
784 2430 903 2473 dolus
953 2430 1060 2473 illius
1110 2430 1346 2473 excluditur
1379 2431 1545 2487 quando
1580 2431 1622 2473 tit
1661 2430 1842 2485 violatio,

214 2505 380 2556 propter
414 2501 522 2557 quod
560 2500 775 2543 adiicitur:
816 2501 984 2543 etiamsi
1027 2506 1246 2543 assecutor
1287 2500 1483 2543 delictum
1520 2500 1618 2544 illud
1653 2499 1699 2544 ob
1731 2500 1845 2543 altas

213 2584 364 2612 causas
397 2569 476 2612 sibi
504 2571 721 2627 proprias,
764 2578 847 2614 tum
895 2571 1146 2627 personales,
1180 2577 1264 2614 tum
1310 2576 1544 2614 ceterorum
1580 2584 1842 2625 conreorum,

215 2646 298 2684 tum
335 2641 450 2683 datas
487 2643 598 2696 prius
632 2642 701 2684 sed
737 2642 990 2685 sullicienter
1016 2646 1271 2695 retractatas,
1297 2641 1575 2684 nihilomiuus
1605 2641 1845 2699 patraverit

215 2726 287 2768 per
320 2713 553 2754 effectivam
582 2711 683 2767 legis
709 2713 890 2768 poenalis
927 2712 1204 2756 violalmnem.
1242 2713 1509 2770 Prosequitur
1541 2715 1841 2769 praescriptum

215 2782 267 2835 si,
307 2798 328 2822 ((
352 2784 420 2838 qui
455 2795 574 2823 suum
613 2783 857 2825 inlluxuin...
885 2799 904 2823 ³)
944 2788 986 2826 ut
1021 2786 1058 2825 in
1092 2783 1132 2840 3³¹
1168 2786 1299 2835 initio,
1334 2797 1412 2826 uon
1454 2782 1678 2825 obcluserit
1707 2782 1845 2839 plene,

215 2855 310 2910 quia
346 2854 586 2895 retractavit
623 2855 757 2895 minus
781 2866 902 2909 quam
929 2867 1097 2897 necesse
1121 2855 1251 2897 suerat
1277 2854 1506 2897 secundum
1535 2853 1714 2910 prudens
1738 2853 1842 2895 iudi-
