1981 3182
179 143 273 179 Can.
300 143 394 177 2320
553 143 638 177 Trr.
668 143 760 176 XII.
781 162 795 168 -
811 143 869 177 De
888 144 1038 178 delictis
1056 146 1190 177 contra
1208 145 1431 188 religionem
1733 145 1802 178 209

179 266 327 305 eontra
358 261 622 319 reliqionem,
644 274 750 319 quae
783 266 843 305 est
871 276 890 301 «
917 263 1048 303 virtus
1082 261 1246 304 moralis
1269 275 1375 319 quae
1400 262 1482 306 Deo
1505 263 1690 307 debitum
1715 263 1800 307 cul-

179 338 264 375 tum
298 332 415 375 affert
437 348 477 384 n,
501 344 549 375 33
575 334 829 388 praeeminet
863 334 968 374 inter
1000 330 1100 374 alias
1125 334 1296 375 virtutes
1322 333 1508 376 morales.
1534 333 1634 377 Nam
1661 336 1699 377 in
1725 333 1801 377 De-

177 403 320 459 calogo
344 402 494 456 (Exodi
522 402 614 458 XX)
643 419 662 443 <t
688 407 894 459 ponuntur
927 403 1060 457 primo
1095 408 1312 459 praecepta
1347 404 1395 447 ad
1432 404 1673 460 religionem
1711 418 1801 461 per·

178 476 360 518 tinentia.
394 479 588 531 tanquam
627 476 862 529 praecipua.
896 470 1010 516 Ordo
1043 477 1179 515 autem
1216 479 1527 530 praeceptorum
1575 477 1800 531 proportio-

177 550 298 589 natur
344 545 477 587 ordini
529 546 742 597 virtutum,
787 545 879 600 quia
931 548 1149 599 praecepta
1200 543 1300 599 legis
1346 544 1497 587 dantur
1544 546 1595 588 (13
1643 545 1802 589 actibus

179 618 392 659 virtutum.
428 614 535 671 Ergo
571 614 714 670 religio
747 619 807 656 est
842 615 1062 670 praecipua
1107 615 1213 656 inter
1258 617 1429 657 virtutes
1473 615 1709 660 morales».
1748 616 1801 660 lta

178 686 222 729 D.
255 685 327 730 Th.
348 686 374 727 ².

298 771 320 796 «
344 756 431 798 Duo
464 769 564 812 ergo
599 757 636 797 in
674 754 872 810 religione
904 754 1233 807 considerantur,
1268 754 1496 797 seeundum
1537 758 1625 797 eius
1658 755 1802 798 (letini-

175 829 343 870 tionem.
377 825 510 870 Unum
561 825 728 883 quidem
778 824 885 881 quod
933 824 1076 880 religio
1113 824 1194 867 Deo
1227 825 1356 867 affert.
1391 824 1548 867 scilieet
1582 825 1802 880 oultus,'et

175 896 252 940 hoe
283 910 326 940 se
360 896 482 940 habet
517 910 588 952 per
623 895 788 938 modum
826 898 1021 938 materiae
1055 900 1094 938 et
1126 894 1274 938 obleeti
1309 896 1358 938 ad
1392 895 1655 951 religionem:
1690 895 1800 939 aliud

173 970 310 1010 autem
346 971 405 1010 est
439 966 475 1009 id
511 968 576 1010 cui
610 966 794 1020 31131131,
827 965 985 1009 scilicet
1017 965 1140 1020 Deus,
1174 968 1238 1009 cui
1282 965 1416 1009 cultus
1459 965 1700 1010 exhibetur:
1744 969 1803 1009 in-

173 1040 372 1093 quantum
422 1041 538 1079 actus
585 1036 751 1091 quidam
803 1035 953 1093 quibus
991 1035 1100 1079 Deus
1148 1036 1308 1083 colitur,
1344 1039 1381 1079 in
1419 1035 1488 1078 Dei
1526 1039 1799 1080 reverentiam

173 1108 297 1150 liunt:
333 1111 428 1163 puta
460 1108 758 1150 sacrificiorum
794 1107 1036 1160 oblationes,
1060 1111 1100 1149 et
1121 1107 1200 1150 alia
1225 1106 1460 1150 huiusmodi
1484 1122 1506 1147 »
1530 1105 1557 1149 ².
1578 1108 1643 1149 Sic
1679 1109 1803 1163 igitur

174 1180 263 1221 inre
297 1182 608 1234 praeponuntur
651 1190 829 1221 canones
871 1183 1012 1220 eontra
1047 1177 1211 1229 delicta,
1249 1190 1355 1235 quae
1390 1180 1426 1220 in
1462 1180 1799 1234 augustissimum

173 1253 479 1292 sacramentum
515 1247 592 1292 sub
625 1262 706 1305 quo
739 1248 926 1291 Christus
959 1251 1193 1291 continetur
1231 1249 1478 1303 1311333331,
1512 1262 1559 1292 ac
1595 1251 1727 1306 primo
1762 1252 1799 1292 in

173 1321 308 1372 seipso
355 1319 661 1362 consideratum
711 1332 801 1362 can.
838 1320 964 1373 2321),
1001 1324 1137 1376 333133
1184 1322 1220 1362 in
1256 1319 1400 1362 Missae
1453 1333 1548 1363 vero
1597 1321 1800 1364 3331111310

171 1402 260 1433 can.
299 1389 425 1442 2321,
460 1402 507 1433 ao
542 1392 579 1432 in
615 1403 662 1432 eo
695 1390 887 1433 simulato
921 1403 1010 1434 can.
1047 1390 1174 1444 2322,
1210 1396 1297 1446 post
1331 1390 1535 1434 (Ilii-istum
1571 1391 1798 1434 verendum

172 1465 232 1504 est
267 1460 459 1503 Divinum
507 1473 669 1507 nomen.
704 1463 822 1504 cuius
866 1463 1136 1504 irreverentia
1174 1475 1246 1517 331·
1279 1474 1368 1504 can.
1405 1462 1516 1504 2323
1553 1462 1799 1515 vindicatur,

172 1536 295 1588 atque
330 1531 566 1575 redundans
600 1532 799 1575 indirecte
834 1532 1058 1578 1311113333]
1094 1532 1288 1575 delictum
1327 1546 1496 1589 nempe:
1531 1532 1583 1575 ol)
1615 1536 1703 1576 eius
1735 1536 1801 1576 311-

174 1602 368 1658 pendium
407 1605 573 1658 3331131·
605 1615 696 1646 can.
732 1603 856 1646 2324.
895 1603 983 1646 Post
1019 1603 1120 1646 11333
1157 1606 1325 1646 veniunt
1365 1617 1542 1646 (fanones
1587 1606 1800 1659 punientes

174 1672 324 1716 delicta
359 1685 456 1729 erga
501 1686 565 1716 res
607 1686 760 1727 sacras,
793 1677 882 1717 site
917 1676 953 1716 in
987 1687 1152 1730 genere.
1189 1679 1229 1717 ut
1263 1680 1322 1717 est
1356 1687 1445 1718 can.
1482 1675 1607 1728 2325,
1641 1678 1730 1718 sive
1760 1678 1796 1718 in
1833 1676 1860 1705 *²

169 1745 307 1799 specie
340 1756 387 1786 ao
420 1749 513 1786 sunt
548 1747 673 1787 ceteri
709 1749 886 1800 quatuor
919 1757 1110 1796 canonesq
1139 1744 1353 1789 videlicet:
1390 1750 1555 1801 propter
1589 1745 1708 1788 talsas
1742 1759 1800 1788 re-

173 1814 431 1871 1133133333.
454 1814 650 1858 2326.31)
674 1821 891 1870 (praestum
927 1829 975 1859 ex
1013 1816 1279 1872 indulgentiis
1302 1816 1605 1864 3311232133
1629 1817 1795 1859 demum

171 1888 208 1928 in
247 1885 488 1946 violationes
521 1886 773 1929 cadmei-om
813 1887 873 1929 131
909 1887 1194 1943 sepulcrm-um
1233 1887 1472 1931 locorumve
1496 1901 1707 1931 sacrorum
1744 1890 1798 1930 in-

169 1961 344 2012 surgunt
376 1970 465 2000 333.
502 1957 629 2007 2328,
664 1957 789 2000 2329.

288 2027 384 2069 159.
421 2029 611 2074 Delicta
644 2034 816 2075 contra
849 2032 1208 2075 sanctissimam
1245 2032 1615 2076 Eucharistiam.
1651 2056 1700 2061 -—
1736 2031 1794 2074 Si-

168 2100 250 2141 cuti
285 2103 401 2142 331113
436 2102 693 2143 reverentiae
726 2114 822 2157 erga
859 2101 1045 2143 divinum
1082 2103 1393 2144 Sacramentum
1432 2103 1679 2157 patefaciunt
1713 2101 1796 2145 illo-

170 2182 258 2212 rum
293 2168 466 2212 subiecti
503 2170 640 2225 1111331,
670 2185 691 2214 3
725 2174 932 2214 contrario
969 2185 1142 2228 magnae
1177 2173 1539 2224 i1·1·eve1·enttae,st
1574 2186 1621 2215 ex
1658 2175 1794 2225 animo

170 2240 280 2294 11331,
306 2240 618 2284 tundamentum
655 2242 850 2297 praebent
875 2242 1089 2286 dubitandi
1115 2243 1166 2285 de
1191 2248 1299 2286 reeta
1335 2245 1544 2299 operantis
1577 2244 1678 2286 tide:
1716 2258 1796 2287 me·

169 2314 245 2354 rito
280 2313 404 2366 igitur
436 2315 575 2354 statuit
599 2327 688 2356 can.
714 2315 852 2357 9390.
892 2314 988 2367 Qui,
1021 2314 1187 2357 exclusa
1221 2328 1484 2372 (titanumque
1517 2315 1794 2370 distinctione,

167 2382 322 2439 speeies
356 2387 399 2425 ut
434 2382 656 2438 plurimum
703 2387 830 2439 33313,
865 2385 934 2427 sed
973 2387 1055 2427 vini
1091 2398 1269 2441 quoque,
1303 2391 1584 2433 consecratas,
1621 2399 1790 2442 nempe:

166 2466 291 2509 super
322 2466 424 2510 quas
466 2453 589 2497 vet-ba
634 2458 955 2498 consecrationis
1000 2458 1074 2499 rite
1119 2455 1274 2512 prolata
1310 2458 1487 2509 luerunt,
1522 2456 1562 2513 a)
1597 2456 1794 2499 (iln'eceri'l

166 2523 346 2567 scilieet:
386 2524 510 2567 veluti
543 2524 616 2568 abs
648 2539 691 2569 se
725 2528 880 2581 iecerit,
914 2540 1012 2583 ergo
1049 2540 1119 2583 per
1156 2529 1358 2569 actionem
1403 2540 1543 2570 earum
1590 2528 1791 2583 despecti-

170 2607 278 2649 vam,
309 2597 399 2638 sive
432 2598 471 2638 111
507 2600 674 2651 1311331,
707 2599 796 2640 sive
828 2610 1029 2654 spargens
1061 2611 1184 2654 super
1216 2598 1382 2655 aliquod
1420 2598 1581 2652 mobile,
1616 2601 1705 2642 sive
1738 2601 1793 2642 af—

167 2666 308 2708 1131333
344 2668 501 2722 3311311,
526 2672 599 2710 ete.
634 2667 697 2710 ‘vel
730 2667 785 2710 ad
819 2668 970 2711 nzalum
1006 2669 1143 2725 finem„
1167 2682 1273 2726 qnae
1308 2672 1479 2712 intentio
1512 2672 1671 2726 agentis
1703 2673 1790 2714 sive

167 2750 238 2792 per
270 2750 312 2780 se
346 2739 436 2780 sive
472 2750 544 2794 per
577 2738 697 2781 aliam
733 2752 947 2795 personam
989 2741 1228 2797 exequenda
1274 2743 1499 2797 requiritur
1543 2742 1717 2784 influens
1750 2744 1787 2784 13

227 2891 248 2925 5
281 2843 427 2887 111-11,
469 2856 502 2889 q.
542 2844 725 2888 LXXXI,
765 2857 798 2879 a.
840 2846 861 2879 6
898 2858 980 2891 arg.
1023 2847 1096 2880 Sed
1135 2852 1283 2882 contra.
1314 2868 1358 2873 ›-—
1384 2848 1397 2870 2
1424 2848 1469 2881 D.
1509 2847 1579 2882 Th.
1618 2848 1689 2883 loc.
1718 2849 1785 2883 cit.

164 2902 198 2924 a.
274 2902 374 2935 corp.

249 2969 343 2998 BLAT
366 2985 384 2991 -
410 2970 535 3009 s'omm.
568 2971 650 3000 Text.
676 2971 751 2999 Cod.
780 2972 852 3000 [ιη’.
881 2973 962 3000 san.
1669 2974 1705 3003 14
