1981 3182
146 152 239 187 Can.
266 151 360 186 2203
519 150 604 184 TIT.
632 150 684 184 II.
714 170 726 176 -
752 150 809 185 De
834 151 1138 194 impeccabilitate
1163 151 1293 184 delicti
1320 152 1386 183 etc.
1726 150 1770 183 21

148 272 392 325 irrogatum,
423 283 493 311 seu
528 269 618 312 aliis
652 268 930 324 irrogantibus
963 281 1082 323 opem
1120 269 1222 310 torte
1262 267 1403 317 tulisti,
1426 273 1495 311 ant
1519 268 1620 312 haec
1645 271 1771 325 impe-

149 342 241 383 ritia
278 345 343 382 tua
376 342 465 382 sive
508 339 758 395 negligentia
802 342 1033 381 evenerunt
1076 340 1164 380 iure
1207 352 1332 394 super
1370 338 1432 381 his
1465 340 1700 382 satisfacere
1735 344 1773 382 te

146 415 334 466 oportet:
371 424 444 453 nec
479 412 707 466 ignorantia
745 414 780 451 te
814 414 997 456 excusat,
1042 411 1073 451 si
1117 411 1224 451 scire
1267 408 1444 452 debuisti
1479 423 1527 452 ex
1565 412 1670 453 tacto
1704 415 1773 453 tuo

145 483 339 524 iniuriam
383 481 664 523 verisimiliter
697 492 813 535 posse
837 481 1078 534 contingere
1115 479 1177 522 vel
1213 481 1411 522 iacturam
1439 495 1475 521 )),

262 551 396 607 Atque
429 553 487 594 sic
520 550 687 606 explicit
731 549 829 593 illud
875 555 1023 605 caput:
1073 550 1222 593 «Sane
1268 549 1375 604 licet,
1409 553 1476 606 qui
1511 553 1770 594 occasionem

144 622 283 665 damni
317 622 400 675 dat,
434 621 629 664 damnum
670 620 859 662 xideatur
891 620 1081 663 dedisse:
1116 634 1236 663 secus
1268 626 1326 663 est
1363 626 1496 663 tamen
1534 623 1571 663 in
1613 621 1680 664 illo
1712 622 1772 663 di-

143 693 336 743 cendum,
381 694 448 748 qui
495 696 537 734 ul
579 704 656 733 non
701 691 924 742 accideret,
969 691 1019 733 (le
1062 690 1398 746 contingentibus
1436 691 1535 734 nihil
1571 694 1769 734 omisit».

144 763 249 806 Huic
281 761 562 819 aequipollere
597 761 794 817 implicite
828 761 1014 804 decernit
1052 761 1187 805 lnnoc.
1225 761 1272 803 ΙΙΙ
1311 765 1346 804 in
1381 774 1470 817 cap.
1508 763 1550 804 ll
1595 763 1690 805 «de
1713 776 1772 805 se-

142 834 317 891 pulturis
340 850 359 874 ))
396 832 475 888 (lli.
512 831 584 889 ⁶28)
610 831 642 875 X
667 838 907 889 sequentem
934 834 1145 875 fortuitum
1172 846 1313 876 casum
1340 851 1347 876 :
1387 849 1409 874 «
1432 834 1634 888 Quocirca
1662 847 1771 877 man-

141 905 298 958 damus7
334 909 537 961 quatenus
569 917 662 946 cum
700 903 763 945 illa
801 917 878 946 non
913 909 1058 959 sponte
1095 906 1431 960 praecipitaverit
1471 918 1513 947 se
1547 905 1597 947 de
1633 910 1768 960 ponte,

137 974 206 1018 sed
241 974 365 1029 (sicut
396 977 587 1030 superius
620 980 679 1017 est
713 974 974 1031 expressum)
1009 988 1104 1017 casu
1141 976 1352 1029 ceciderit,
1378 989 1528 1030 corpus
1551 978 1639 1018 eius
1664 976 1767 1018 tradi

139 1046 265 1088 facias
297 1045 603 1088 ecclesiasticae
646 1045 912 1102 sepulturae:
951 1049 1191 1101 praesertim
1228 1060 1320 1089 cum
1357 1059 1406 1089 ex
1444 1046 1610 1089 honesta
1645 1059 1767 1089 causa

138 1117 292 1172 fugisse
327 1120 533 1170 noscatur,
568 1121 605 1158 et
641 1119 705 1159 cui
741 1117 1130 1159 communicabatur
1167 1119 1337 1171 viventi,
1372 1118 1766 1161 communicandum

135 1190 185 1231 sit
220 1190 299 1230 iam
333 1187 558 1231 defunctae
584 1204 621 1229 ».

255 1257 368 1301 Hanc
404 1260 523 1301 rct'ert
559 1258 817 1315 disciplinam
856 1259 973 1315 plene
1008 1262 1030 1313 ,ξ
1062 1262 1104 1301 2.
1145 1258 1276 1301 (iistis
1310 1273 1380 1302 seu
1416 1264 1591 1302 eventus
1612 1259 1763 1317 sortiti-

138 1333 202 1371 [ηε
235 1334 436 1386 quatenus
473 1333 723 1385 proveniens
755 1329 807 1373 ab
840 1329 917 1373 alia
943 1344 1081 1379 cama,
1107 1333 1298 1387 quamsit
1328 1330 1538 1373 hominum
1566 1331 1767 1379 voluntas,

135 1400 333 1443 alterutro
366 1403 552 1457 sequenti
591 1402 725 1452 niodo,
759 1402 830 1458 qui
864 1414 1011 1457 nempe
1046 1412 1083 1446 a}
1106 1401 1351 1459 praevideri
1390 1403 1615 1458 prudfflter
1653 1418 1674 1443 (‹
1698 1416 1763 1445 nc-

135 1473 285 1528 quit»‚
322 1470 363 1528 b)
406 1471 469 1514 cel
512 1472 580 1514 em·
620 1473 815 1529 praeviso
862 1473 1028 1515 vitando
1073 1474 1239 1515 occurri
1282 1474 1425 1530 nequit
1461 1479 1544 1516 tum
1582 1473 1765 1530 physice,

136 1547 220 1585 tum
256 1542 492 1585 adhibendo
527 1543 659 1585 media
697 1546 732 1585 in
770 1532 932 1599 propria
972 1543 1180 1587 voluntate
1207 1547 1351 1600 posita,
1377 1559 1400 1585 (ι
1425 1544 1608 1602 qetali'bel
1634 1544 1763 1601 impu-

134 1612 344 1655 tabilitate
378 1613 498 1655 talem
533 1613 696 1656 fidelem
732 1628 803 1657 seu
837 1617 1003 1656 omnino
1037 1614 1196 1658 eximit.

256 1684 319 1727 Π.
356 1685 429 1729 De
461 1686 652 1730 delictis
686 1700 946 1742 puerorum
981 1691 1037 1728 cst
1075 1686 1238 1729 rubrica
1275 1689 1332 1728 tit.
1362 1686 1428 1739 23,
1455 1685 1538 1729 Lil).
1568 1684 1594 1727 Υ
1622 1685 1766 1728 Decre-

135 1754 275 1797 talium
311 1756 434 1811 (ireg.
469 1754 533 1797 lx.
573 1755 658 1798 lluo
695 1762 849 1798 tantum
886 1759 923 1798 in
959 1771 1005 1799 co
1049 1762 1140 1799 sunt
1182 1760 1330 1813 capita.
1370 1757 1407 1799 ln
1446 1757 1487 1799 10
1522 1759 1575 1799 ait
1610 1756 1763 1811 Grego-

133 1829 238 1870 rius:
279 1841 300 1866 «
327 1826 466 1869 l'ueris
489 1827 796 1881 grandiusculis
821 1833 1035 1883 peccatum
1063 1828 1203 1871 nolunt
1229 1828 1455 1872 attribuere
1479 1829 1663 1885 quidam,
1690 1829 1763 1870 nisi

130 1897 182 1940 ab
215 1898 334 1939 annis
380 1897 430 1939 14
475 1911 568 1939 cum
617 1898 841 1953 pubescere
885 1902 1098 1953 ceperint:
1136 1899 1296 1951 ...Quis
1342 1913 1439 1941 vcro
1472 1900 1622 1942 audeat
1655 1898 1762 1941 attii·-

133 1981 246 2011 mare
282 1969 401 2017 furtin
438 1969 650 2011 mendacia
687 1975 723 2012 et
761 1972 938 2025 periuria
976 1984 1052 2012 non
1089 1984 1177 2012 esse
1212 1972 1417 2026 peccata?
1453 1971 1501 2012 ΑΙ
1544 1970 1604 2011 liis
1645 1969 1761 2024 plena

129 2044 189 2082 est
224 2039 393 2094 puerilis
426 2045 552 2085 aetas.
587 2043 778 2096 quamxis
813 2043 849 2083 in
885 2044 943 2083 eis
978 2055 1054 2083 non
1092 2044 1142 2084 ita
1170 2047 1209 2084 ut
1237 2045 1273 2083 in
1296 2041 1522 2083 maioribus
1557 2040 1760 2096 punienda

132 2111 412 2153 videantur».
448 2110 493 2153 Et
529 2111 647 2154 Alex.
686 2111 731 2154 ΙΙΙ
767 2114 820 2154 ait
858 2114 894 2153 in
931 2125 1019 2168 cap.
1058 2112 1109 2155 2:
1151 2128 1170 2153 ((
1194 2112 1310 2156 [nde
1345 2115 1537 2168 quoniam
1566 2114 1602 2154 iu
1626 2114 1763 2167 pueris

131 2180 305 2237 relinqui
340 2182 441 2224 solet
478 2182 667 2235 inultum,
701 2183 809 2239 quod
847 2186 883 2225 in
919 2184 1010 2225 aliis
1052 2186 1326 2239 provectioris
1368 2186 1513 2226 aetatis
1556 2182 1761 2225 humanae

128 2252 239 2307 leges
272 2253 414 2296 dicunt
438 2256 626 2297 severius
660 2255 970 2309 corrigendum.
1008 2254 1264 2306 Mandamus,
1309 2260 1514 2312 quatenus
1548 2257 1578 2297 si
1615 2257 1763 2297 consti-

127 2325 234 2374 terit,
270 2324 397 2367 tilium
436 2325 633 2380 praedicti
671 2325 717 2367 H.
755 2327 854 2368 intra
891 2326 1100 2368 decimum
1136 2330 1330 2381 quartum
1376 2328 1521 2369 aetatis
1563 2338 1661 2368 suae
1695 2338 1760 2368 an-

126 2407 238 2446 num,
286 2396 462 2438 eundem
513 2409 730 2439 excessum
781 2398 1101 2448 commisisse»,
1150 2403 1228 2440 etc.
1273 2397 1331 2440 Ac
1377 2402 1583 2453 postremo
1632 2396 1758 2440 Clem.

127 2465 198 2508 PP.
236 2464 323 2508 ΧΙΙΙ
361 2468 397 2508 in
433 2479 495 2523 ep.
537 2467 990 2521 «Quemadmodum»
1021 2468 1033 2489 1
1069 2470 1093 2516 ξ
1128 2469 1151 2511 5
1188 2471 1384 2511 rationem
1420 2468 1537 2511 affert
1562 2466 1760 2510 huiusdi-

123 2536 321 2592 sciplinae
356 2536 418 2579 his
455 2537 619 2580 verbis:
657 2540 972 2581 «iustissimum
1010 2544 1086 2591 est,
1122 2542 1385 2596 maximeque
1418 2554 1510 2583 cum
1548 2541 1758 2596 aequitate

123 2610 406 2659 coniunctum,
431 2611 607 2651 maiores
630 2609 868 2653 discernere
902 2623 922 2652 a
961 2609 1216 2663 minoribus3
1252 2611 1360 2667 quod
1396 2611 1620 2654 discrimen
1649 2609 1759 2666 leges

124 2679 236 2733 ipsae
271 2681 308 2720 in
344 2692 391 2721 eo
427 2685 742 2735 recognoscunt,
776 2680 884 2736 quod
908 2680 1137 2724 minoribus
1162 2694 1239 2723 non
1267 2681 1333 2724 illa
1358 2683 1407 2724 sit
1434 2682 1613 2738 perfecta
1641 2682 1755 2725 ratio,

123 2751 242 2791 cuius
275 2750 438 2792 deiectu
468 2749 583 2805 plena
619 2749 670 2793 ab
704 2764 847 2793 eorum
882 2751 1127 2794 criminibus
1163 2753 1328 2795 ridetur
1351 2751 1493 2795 abesse
1520 2751 1686 2801 malitia,
1714 2754 1755 2793 ut

242 2891 251 2911 ¹
279 2890 324 2923 ‘25
351 2889 445 2923 Maii
476 2890 565 2922 1783
