1981 3182
304 16 306 21 ι
379 0 384 2 ”
424 0 682 21 ΨἿἚἝΕῩΞῚΪΠ
703 1 707 7 ·
723 0 726 1 ’
742 0 752 11 ³
774 0 777 6 '
842 0 877 6 '¹⁸'
901 0 965 7 “

289 26 306 36 «ς
335 26 339 28 Ἴ
371 21 417 32 --ι-
484 20 486 25 ’

117 167 211 203 Gan.
238 166 332 202 2223
500 165 584 199 ΤΙΤ.
614 165 659 199 V.
690 185 702 190 -
729 165 785 199 De
810 164 1017 209 Superior-e
1040 167 1271 208 potestatem
1297 166 1364 198 etc.
1699 163 1743 195 61

118 288 249 329 innuit
284 298 459 342 poenam
494 286 677 327 fortassis
710 287 890 326 taxatam
929 282 1052 325 veluti
1100 294 1287 324 normam
1329 281 1512 324 relictam
1548 282 1658 323 omni
1693 294 1742 323 ex

119 360 232 414 parte
270 355 559 412 «prudentiae
593 360 631 398 et
665 355 942 397 conscientiae
977 353 1186 406 iudicis»,
1221 364 1327 409 quae
1361 354 1514 407 optime
1548 352 1745 394 differunt

116 428 167 471 ab
200 427 385 470 eiusdem
420 426 605 469 arbitrio.
647 424 733 467 Non
778 424 898 467 aliter
947 425 1183 466 invenimus
1231 436 1472 478 responsum
1523 423 1647 465 fuisse
1694 421 1745 464 ab

116 497 252 540 lnnoc.
288 497 339 539 ΙΙΙ
364 497 400 539 ¹:
441 512 461 537 (‹
484 496 681 552 alioquin,
721 494 950 537 secundum
1000 506 1198 549 personae
1238 496 1397 535 merita.
1432 498 1471 535 et
1503 492 1744 549 qualitatem

117 581 324 615 excessus,
359 580 531 624 poenam
568 566 788 609 iudicantis
821 565 1017 607 discretio
1054 563 1324 608 moderari»,

236 638 353 682 Alex.
388 638 439 681 ΠΙ
473 640 511 680 iu
546 650 633 692 cap.
670 637 692 678 4
733 651 754 676 ((
778 635 828 678 de
862 636 997 677 officio
1032 639 1071 677 et
1106 638 1304 690 potestate
1339 633 1486 676 iudicis
1519 633 1743 688 delegati»

116 709 161 766 (1,
196 710 235 752 2
270 712 327 752 sic
361 709 571 752 decrevit:
611 723 631 747 ς(
656 706 738 749 lllis
772 708 909 759 etiam,
936 708 1004 763 qui
1043 719 1114 761 pro
1148 707 1284 748 causis
1319 704 1388 747 tibi
1424 706 1669 757 commissis,
1697 704 1745 747 ad

119 783 354 824 citationem
392 785 500 822 tuam
540 780 680 821 venire
713 782 782 820 aut
818 782 886 819 tuo
919 790 1045 832 super
1079 775 1140 819 liis
1176 789 1320 831 parere
1365 775 1517 818 iudicio
1559 774 1749 830 neglexe-

121 854 222 895 rint:
257 853 290 894 si
324 850 404 893 tale
438 850 560 892 suerit
595 851 823 904 negotium,
853 847 962 905 quod
989 851 1100 890 certa
1126 847 1278 889 exinde
1303 858 1432 902 poena
1459 847 1496 887 in
1522 844 1751 888 canonibus

119 924 389 978 exprimatur,
425 920 598 963 eandem
636 920 811 975 infligas,
845 919 1027 970 alioquin
1064 920 1173 973 ipsos
1207 930 1279 973 pro
1313 916 1451 959 delicti
1483 916 1679 973 qualitate
1712 920 1751 958 et

119 1006 282 1046 causae,
315 991 544 1035 secundum
581 996 695 1033 tuum
731 989 948 1033 arbitrium
986 991 1131 1044 punire
1168 1001 1426 1044 procures».
1454 986 1541 1030 Hoc
1574 986 1650 1029 sub
1684 999 1749 1029 ca-

122 1066 202 1120 pite
235 1062 445 1106 clausulae
479 1062 585 1104 ‹luae
611 1063 892 1103 inveniuntur.
918 1060 1107 1103 Secunda
1138 1075 1157 1099 «
1183 1058 1433 1102 tacultatixis
1470 1057 1647 1101 verbis»
1677 1059 1753 1099 uti-

123 1139 200 1186 tur,
226 1136 337 1190 prior
374 1146 470 1176 vero
508 1148 529 1173 «
557 1131 694 1175 verbis
729 1133 1007 1187 praeceptix'is
1032 1147 1051 1170 »
1089 1143 1211 1186 quam
1253 1143 1362 1172 nunc
1402 1126 1750 1184 considet-aig3.

123 1205 167 1248 St
193 1218 300 1256 vero,
323 1203 431 1261 quod
461 1203 632 1246 verbum
658 1202 972 1245 adversativum
1010 1203 1140 1243 innuit
1174 1200 1402 1243 clausulam
1439 1212 1575 1254 praec.
1602 1198 1639 1252 ξι
1669 1214 1689 1238 ((
1714 1201 1751 1240 in

121 1276 337 1320 statuenda
385 1288 512 1332 poena
560 1274 754 1317 terendae
797 1275 1026 1316 sententiae
1053 1289 1089 1319 »,
1125 1271 1192 1314 lea·
1237 1277 1384 1313 alatur
1422 1270 1553 1312 verbis
1589 1283 1754 1327 praeee-

122 1347 264 1405 ptim's,
297 1347 464 1404 quando
497 1359 647 1402 nempe
693 1349 812 1401 urget
845 1357 934 1400 cap.
972 1344 986 1385 1
1034 1359 1052 1383 «
1078 1344 1127 1385 «lc
1161 1341 1524 1385 constitutionibus
1549 1355 1597 1381 »t
1637 1358 1654 1381 «
1680 1340 1753 1385 Ca-

126 1431 278 1461 nonum
313 1422 463 1460 statuta
497 1416 785 1459 custodiantur
817 1415 867 1458 ab
902 1413 1106 1457 omnibus.
1144 1413 1191 1456 Et
1226 1426 1345 1455 nemo
1371 1415 1408 1454 in
1433 1412 1666 1455 actionibus
1693 1411 1753 1454 vel

126 1488 289 1531 iudiciis
321 1487 612 1530 ecclesiasticis
644 1500 717 1529 suo
754 1496 889 1536 sensu,
923 1485 992 1527 sed
1039 1497 1182 1527 corum
1227 1486 1471 1526 auctoritate
1514 1483 1754 1525 ducatur».

124 1558 237 1602 Tunc
270 1557 504 1610 ordinarie,
536 1571 609 1600 seu
655 1560 710 1600 uti
758 1556 897 1613 regula
940 1556 1128 1606 iuridica,
1160 1568 1295 1612 poena
1331 1568 1402 1610 per
1438 1553 1570 1609 legem
1603 1557 1753 1595 statuta

129 1630 190 1673 vel
224 1631 409 1672 taxative
447 1628 507 1671 vel
545 1628 861 1671 indeterminata
898 1625 1130 1684 insliqemla
1165 1630 1239 1676 esl,
1273 1628 1361 1667 sive
1398 1627 1434 1666 in
1472 1624 1637 1677 iudicio,
1668 1625 1757 1666 sive

123 1700 494 1744 extraimlicialiter
519 1712 590 1754 pro
616 1711 770 1755 poenae
795 1698 1038 1741 diversitate
1061 1710 1108 1739 ac
1133 1698 1457 1739 circumstantiis
1485 1695 1652 1746 delicti;
1687 1693 1758 1737 sed

129 1775 165 1814 vi
202 1771 322 1814 liuius
353 1772 523 1814 canonis
556 1772 806 1827 aequitatem
842 1770 1067 1826 sequentis,
1103 1781 1208 1824 quae
1244 1769 1343 1810 iuris
1379 1769 1558 1823 rigorem
1602 1771 1757 1821 tempe-

127 1855 217 1885 rare
241 1844 370 1895 novit,
394 1840 675 1884 conscientiae
701 1842 737 1883 in
766 1842 930 1896 proprio
957 1853 1127 1882 munere
1154 1838 1331 1882 fideliter
1354 1836 1621 1893 adimplendo
1647 1839 1759 1879 iuxta

128 1915 338 1970 potestatis
372 1912 562 1969 publicae
597 1912 719 1954 tinem
756 1914 794 1953 in
830 1910 1013 1954 Ecclesia
1049 1915 1087 1952 et
1117 1909 1373 1967 prudentiae
1407 1911 1543 1951 omnia
1586 1920 1758 1963 perpen-

125 1985 259 2028 dentis
291 1996 337 2027 ac
363 1983 630 2040 providentis,
657 1996 763 2039 quae
786 1983 835 2025 ad
861 1995 1002 2025 casum
1027 1985 1228 2037 spectant,
1252 1979 1405 2022 iudicis
1431 1978 1491 2021 vel
1519 1977 1761 2036 Superioris

128 2057 285 2098 ratione
310 2056 467 2097 formae
492 2054 696 2097 iudicialis
724 2053 784 2096 vel
811 2053 1171 2095 administrativae
1206 2054 1242 2093 in
1268 2052 1526 2094 auctoritatis
1550 2063 1625 2092 usu
1654 2063 1759 2092 com-

128 2126 315 2169 mittitur
346 2125 397 2169 ab
431 2125 712 2169 ecclesiastico
749 2125 1007 2181 legislatore:

245 2196 301 2242 1.⁰
339 2195 501 2239 Poenae
533 2195 876 2254 applicationem,
909 2208 990 2252 qua
1027 2208 1119 2237 reus
1153 2194 1207 2236 illi
1242 2193 1501 2247 sufficiatur,
1529 2206 1605 2234 non
1641 2193 1758 2234 omit-

127 2273 212 2312 tere
245 2268 446 2320 absolute,
480 2267 588 2324 quod
625 2272 731 2310 esset
767 2265 935 2323 regulae
977 2278 1101 2321 supra
1148 2267 1302 2321 positae
1346 2266 1566 2312 contraire,
1601 2262 1671 2305 sed
1707 2260 1763 2304 acl

128 2345 287 2397 tempus
320 2339 455 2395 inaqis
488 2343 770 2396 opportunum
803 2337 939 2380 dictae
971 2336 1236 2392 applicationi
1261 2335 1447 2392 differre,
1468 2334 1544 2377 hac
1567 2332 1644 2376 sub
1668 2346 1762 2376 con-

127 2411 304 2455 ditione:
339 2410 377 2452 si
410 2423 460 2452 ear
490 2422 796 2467 praepropera,
825 2422 896 2451 seu
932 2407 998 2449 llic
1031 2412 1070 2449 et
1105 2419 1213 2449 nunc
1247 2411 1411 2462 peracta
1446 2404 1509 2447 rei
1539 2403 1765 2462 punitione

126 2482 293 2525 arctiora
326 2480 453 2532 mala,¹
479 2494 586 2538 quae
620 2480 792 2536 proinde
818 2480 1004 2536 postponi
1030 2491 1109 2520 non
1134 2476 1285 2521 debent
1309 2491 1360 2519 ss.
1385 2489 1590 2519 canonum
1626 2474 1762 2517 obser-

130 2556 306 2607 vantiae‚
341 2558 541 2595 eventura
576 2552 760 2594 fortassis
783 2564 832 2593 ex
857 2550 978 2606 culpa
1003 2549 1284 2605 delinquentis
1321 2547 1383 2590 vel
1420 2548 1651 2601 ignorantia
1678 2557 1763 2587 ma-

130 2624 270 2667 litiave
304 2623 479 2667 aliorum
514 2621 878 2680 praevideantur‚-

249 2695 331 2738 lmo
354 2695 417 2737 30
442 2695 469 2737 Α
495 2707 631 2751 poeno
654 2706 779 2750 supra
803 2693 1010 2736 declarata
1038 2690 1288 2748 infliyenda,
1312 2704 1390 2732 non
1418 2692 1495 2733 iam
1521 2689 1570 2732 ad
1598 2694 1764 2744 tempus

127 2766 198 2810 sed
246 2768 413 2808 omniuo
458 2764 684 2817 abstinere,
716 2764 753 2806 si
785 2767 822 2817 a)
854 2777 952 2805 reus
981 2762 1183 2820 perfecte,
1218 2762 1353 2804 torsan
1401 2765 1490 2816 post
1522 2759 1765 2802 dilationem

252 2874 259 2894 ¹
294 2872 384 2953 (gap).
418 2873 439 2951 ξ
469 2887 481 2901 «
502 2871 548 2905 de
574 2869 909 2910 accusationibus,
930 2867 1262 2913 inquisitionibus
1288 2873 1328 2901 et
1355 2864 1764 2900 denunciationibus»

131 2921 195 2954 tit.
228 2922 259 2963 l,
335 2920 346 2953 i
381 2947 388 2954 .
439 2919 463 2952 Τ.
