1981 3182
0 0 342 117 rwqffssmss
354 0 369 23 ζ’
478 0 483 7 ’

42 33 54 46 ‚⁷
98 31 102 37 v

0 118 6 126 .

159 153 254 189 Can.
281 152 374 187 2298
604 151 688 185 ΤῙΤ.
717 150 788 185 ΙΧ.
818 169 828 175 -
855 150 912 184 De
932 152 1070 194 poenis
1099 150 1347 184 vz’uclz'ccztivis
1717 152 1782 185 181

209 276 228 314 ξ
253 271 286 305 3.
318 271 395 306 Alia
427 276 478 305 est
513 269 653 306 verbalis
685 280 743 305 seu
772 268 935 309 edictalis,
1008 267 1133 302 habeat
1159 268 1234 303 sine
1252 268 1322 303 ulla
1339 269 1580 305 exsecutione:
1609 269 1695 304 alias
1712 281 1785 305 rea-

161 329 250 365 quae
275 318 347 353 sola
361 318 534 353 sententia
548 317 733 362 irrogatur,
754 316 800 351 ita
818 321 934 351 tamen
1011 314 1065 350 lis.
1095 315 1120 348 si
1149 320 1330 350 serventur
1356 316 1540 351 sollemnia
1576 317 1787 363 praescripta

162 370 199 401 ut
223 376 344 401 omnes
370 376 450 401 suos
479 365 620 401 effectus
638 364 801 399 iuridicos
818 363 935 397 statim
1011 362 1045 395 in
1075 362 1266 397 pontificali
1295 363 1462 398 Romano.

283 483 379 528 130.
421 485 678 540 Inscriptio
718 484 894 539 capitis
938 489 986 526 et
1029 494 1268 526 canonum
1303 484 1623 527 com-dinatio.
1672 481 1786 525 luxta

163 553 284 598 Tituli
319 554 581 608 divisionem,
619 556 800 596 remanet
825 551 1116 607 exponendum
1147 549 1280 608 Capul
1314 549 1358 593 II
1376 564 1502 607 agens
1531 551 1586 594 De
1606 552 1789 609 peculia-

165 624 280 667 ribus
312 624 576 674 clericorum,
608 637 656 666 eo
689 623 797 680 quod
833 621 924 665 laici
949 625 1159 677 nequeunt
1184 621 1289 664 affici
1314 622 1515 664 eiusmodi
1538 622 1684 679 poenis
1709 623 1790 665 rin-

165 695 375 748 diealz'vis,
417 708 510 738 cum
556 693 632 737 hae
670 694 873 749 attingant
913 691 1161 735 clericorum
1196 693 1298 746 iura,
1338 691 1398 734 vel
1435 694 1593 734 nonnisi
1628 692 1790 736 clericis

167 768 417 823 infligantur.
451 766 664 820 Quaenam
700 763 776 806 hae
808 765 888 806 sint
921 766 1219 806 enumerantur
1251 775 1408 805 canone
1444 763 1569 814 &2922
1613 777 1658 807 ac
1704 769 1792 807 tan-

166 838 379 882 tummodo
412 850 433 879 a
469 841 600 879 num.⁰
634 834 820 878 eiusdem
856 835 899 876 6⁰
934 836 1161 877 recensitae
1205 846 1360 889 poenae
1394 847 1466 890 per
1509 847 1687 877 canones
1729 849 1789 878 se-

134 908 338 967 squentes
372 907 633 964 regulantuu
660 905 820 948 Etenim
855 905 905 947 de
941 906 1174 961 privatione
1208 903 1397 948 beneficii
1431 907 1515 961 agit
1547 918 1636 949 can.
1664 906 1790 958 2299,

166 982 231 1023 cui
265 979 524 1022 subnectitur
559 976 797 1019 immediate
831 988 919 1019 can.
956 976 1068 1018 2300
1102 975 1153 1018 de
1189 977 1419 1031 privatione
1443 976 1657 1019 deferendi
1682 976 1793 1020 habi·

167 1055 252 1093 tum
295 1049 543 1093 clericalem.
589 1046 910 1090 Prohiliitionem
955 1059 1002 1089 ac
1047 1048 1413 1103 praescriptionem
1458 1049 1795 1090 commorationis

167 1125 280 1164 certo
314 1122 353 1162 in
389 1119 477 1162 loco
511 1118 773 1162 considerant
808 1130 896 1160 can.
936 1117 1061 1167 2301,
1099 1117 1224 1170 2302,
1258 1130 1304 1160 ac
1338 1117 1389 1159 de
1424 1116 1553 1160 tribus
1578 1117 1732 1160 ultimis
1756 1122 1795 1160 et

168 1190 432 1249 gravioribus
466 1192 608 1247 poenis
630 1193 723 1232 sunt
749 1189 815 1231 lati
840 1191 1076 1231 successixc
1101 1193 1182 1231 tres
1205 1200 1295 1231 can.
1332 1188 1590 1231 caea-2305.
1615 1188 1675 1232 Ex
1699 1202 1796 1233 con-

167 1262 417 1306 sideratione
451 1260 596 1304 harum
633 1272 857 1316 poenarum
893 1259 942 1303 ad
979 1261 1157 1301 inxicem
1203 1259 1530 1314 deprehenditur
1565 1273 1678 1302 mens
1721 1259 1794 1303 Co-

169 1333 273 1377 dicis
316 1345 385 1376 eas
427 1331 645 1375 ordinandi
689 1331 917 1374 secundum
968 1330 1155 1373 ordinem
1206 1333 1514 1386 progressivum
1564 1332 1796 1386 gravitatis,

170 1404 363 1461 quamvis
395 1402 572 1458 idipsum
608 1403 734 1444 asseri
771 1403 895 1457 possit
927 1401 978 1444 de
1011 1400 1184 1456 singulis
1216 1403 1411 1445 numeris.

291 1473 387 1518 131.
423 1475 734 1518 Enumeratio
767 1474 1043 1518 huiusmodi
1078 1486 1360 1528 poenarum.
1400 1471 1498 1514 (lm.
1532 1474 1672 1515 2298.
1697 1471 1795 1530 Poe-

173 1559 251 1587 nae
284 1543 565 1587 virulieulirue
596 1557 702 1600 {sztue
734 1543 898 1585 clm-ivis
920 1548 1080 1585 tuntum
1104 1541 1378 1600 applicantur
1401 1556 1448 1586 ex
1476 1542 1684 1586 Ecclesiae
1707 1556 1796 1597 usu,

172 1619 245 1659 etsi
280 1615 483 1672 quaedam
521 1615 634 1658 laicis
669 1615 795 1670 intligi
833 1618 1009 1669 possent,
1044 1619 1171 1657 secret:

292 1686 332 1729 1⁰
370 1684 600 1728 Proltihili'o
634 1684 856 1727 &terrendi
888 1698 1053 1727 sacrum
1092 1685 1477 1738 meinis-teriam,seu
1503 1685 1659 1728 ordinis
1694 1689 1800 1741 [icte-

171 1761 333 1810 statem,
365 1762 662 1813 praeterquam
700 1757 739 1798 in
776 1761 888 1798 rerlu
923 1755 1110 1805 eeclesia,
1147 1756 1254 1799 unde
1290 1756 1363 1799 lioc
1393 1758 1563 1799 vetitum
1587 1758 1801 1812 suspensio

174 1841 252 1871 non
287 1831 360 1880 est,
397 1840 469 1869 nec
503 1829 703 1882 suspicari
742 1831 898 1882 potest:

291 1897 340 1941 3⁰
374 1897 612 1955 Suspensio,
648 1900 766 1940 ciuus
799 1898 969 1940 ellectus
992 1897 1234 1940 dimetiendi
1259 1902 1350 1939 sunt
1378 1910 1449 1952 per
1472 1910 1650 1940 canones
1676 1897 1803 1938 2278-

176 1969 290 2013 :2285
325 1982 397 2025 pro
441 1968 549 2012 illius
592 1968 848 2023 diversitate,v
894 1971 1087 2025 quamvis
1131 1968 1196 2010 illa
1242 1981 1319 2010 non
1354 1970 1407 2010 sit
1440 1980 1628 2021 censura,
1665 1972 1803 2023 utpote

175 2041 341 2084 decreta
390 2039 450 2083 vel
496 2041 649 2083 inllicta
693 2040 733 2097 a)
770 2039 809 2082 in
853 2045 1099 2097 perpetuum
1145 2052 1353 2095 expresse,
1400 2038 1439 2094 b)
1473 2038 1611 2081 relus!
1645 2044 1803 2096 tempus

172 2110 446 2170 praefinitum
481 2113 517 2153 in
555 2111 659 2168 lege,
692 2113 908 2165 sententia,
948 2110 1009 2153 vel
1046 2114 1282 2166 praecepto,
1316 2109 1355 2166 c)
1390 2109 1452 2152 vel
1484 2108 1539 2151 ad
1572 2108 1803 2166 beneplaci-

178 2187 263 2225 tum
297 2181 539 2239 Superioris
571 2182 794 2238 infligentis
826 2195 915 2241 eam
949 2195 1020 2224 seu
1055 2181 1253 2234 alterius3

293 2252 342 2295 3³0
381 2251 624 2296 Trimslali'o
653 2253 847 2311 poenalis
881 2253 1012 2296 idest:
1047 2252 1100 2295 ob
1131 2251 1327 2295 delictum
1364 2254 1545 2295 iniuncta
1580 2251 1628 2294 ab
1652 2250 1805 2309 officio,

127 2369 130 2371 .
183 2340 203 2366 c<
226 2329 311 2368 tum
348 2324 427 2368 lato
462 2329 545 2367 tum
582 2327 723 2367 stricto
755 2337 878 2367 sensu
902 2340 924 2364 >)
962 2324 1071 2381 (can.
1110 2323 1206 2376 145)
1230 2322 1290 2365 rel
1312 2322 1505 2379 beneficio
1525 2323 1632 2380 (can.
1662 2321 1806 2378 1409),

179 2400 354 2453 utroque
387 2394 551 2438 obtento
584 2394 728 2438 saltem
765 2409 837 2451 per
871 2396 1148 2451 provisionem
1184 2396 1426 2437 canonicam
1462 2393 1517 2436 (ul
1539 2392 1722 2451 inferius
1746 2405 1806 2435 re-

178 2468 364 2523 spective
398 2466 578 2509 officium
618 2466 679 2508 vel
716 2466 995 2510 beneficium:

184 2544 188 2546 ’
298 2536 344 2578 40
384 2535 571 2579 Privalio
604 2550 675 2579 seu
709 2535 862 2579 ablatio
906 2536 1089 2579 alieuius
1133 2535 1240 2578 iuris
1273 2549 1361 2578 eum
1398 2549 1583 2590 possesso
1617 2533 1810 2589 beneficio

183 2606 242 2649 rel
275 2606 406 2664 officio
440 2607 665 2663 coniuncti,
703 2607 814 2650 velut
850 2609 976 2663 partis
1008 2607 1209 2650 eiusdem.

297 2678 345 2721 50
380 2676 647 2731 lnlmbililus,
672 2678 843 2734 proinde
867 2680 1050 2722 afficiens
1075 2679 1322 2734 provisionis
1350 2677 1601 2721 validitatem
1622 2690 1669 2720 ex
1696 2679 1811 2732 parte

180 2748 370 2799 subiecti,
405 2747 460 2790 acl
494 2762 634 2791 omues
668 2748 728 2791 rel
761 2748 816 2791 ud
848 2747 1025 2806 aliquot,
1060 2761 1165 2804 quae
1188 2748 1439 2792 disiunctiva
1476 2748 1627 2791 locutio
1660 2751 1718 2789 est
1754 2758 1813 2788 re-

181 2819 349 2862 ferenda
385 2823 466 2862 tam
501 2819 550 2862 ad
586 2819 830 2876 diqm'tules,
877 2831 1000 2874 quam
1034 2819 1083 2861 ad
1119 2817 1275 2876 officia,
1310 2818 1524 2875 beneficia,
1558 2817 1697 2861 aliave
1728 2829 1811 2858 ‹mu-

186 2903 286 2932 neru
321 2902 371 2933 ex
407 2894 551 2933 natura
586 2892 647 2933 sui
679 2890 857 2947 propriu
892 2889 1170 2935 elericorum,-
