1981 3182
0 0 282 114 rv'vffw'·
455 6 458 7 ν
484 3 488 6 ·
523 5 525 7 -

1 115 14 137 ²*
111 120 206 156 Can.
233 119 328 154 2309
506 118 590 152 TIT.
618 117 669 151 X.
699 137 711 143 -
737 117 795 152 De
820 117 1000 151 remediis
1020 116 1252 160 poenalibus
1278 117 1344 150 etc.
1674 113 1736 146 191

112 251 236 296 quam
268 236 476 294 correptio
527 236 635 293 (can.
669 234 800 291 2308)
849 239 986 291 potest
1035 247 1123 276 esse
1154 233 1217 275 vet
1256 232 1424 290 publica
1457 231 1520 274 vet
1562 236 1737 282 secreto,

110 320 216 365 quae
250 307 393 350 ultima
442 308 519 349 erit
552 306 603 349 de
647 319 717 348 ore
750 305 800 348 ad
842 318 886 347 os
932 303 993 346 vel
1038 317 1109 359 per
1159 305 1362 359 privatam
1408 301 1637 359 epistotam,
1682 303 1735 344 ita

109 390 279 433 nempe:
319 382 364 420 ut
399 376 564 433 probari
603 380 781 433 nequeat
816 377 853 417 in
889 373 1057 416 iudicio.

224 446 252 504 ἓ
282 449 326 489 2.
351 446 568 503 Correptio
592 445 655 488 oet
678 444 852 488 monitio
876 445 953 486 erit
976 442 1143 500 publica
1168 443 1333 499 quando
1359 455 1406 485 ex
1433 444 1601 485 canonis
1626 454 1739 497 prae-

108 519 261 573 scripto
294 516 367 572 fiat
415 528 453 570 a)
488 515 550 558 vel
593 512 959 563 coraninotori'o,
1002 526 1123 569 quem
1169 514 1458 568 cognoscimus
1501 525 1550 554 ex
1595 516 1668 554 art.
1705 510 1738 553 ΙΙ

109 592 215 643 cap.⁸
250 585 311 628 ΙΨ.
345 585 433 628 Tit}
472 585 572 637 Vlll,
606 584 691 628 Lib.
727 584 774 639 ΙΙ,
809 583 851 640 b)
886 588 959 625 (tiit
992 595 1132 626 coram
1165 581 1322 625 (luobus
1357 587 1514 624 tantum
1551 580 1737 635 testibus,

111 663 150 701 et
180 657 426 700 atterutrum
460 656 682 709 sufficeret,
715 654 756 711 c)
792 653 852 697 cel
881 667 958 711 per
990 652 1226 710 epistolam,
1258 655 1451 709 quamvis
1485 654 1645 708 privata
1687 654 1737 694 sit

111 742 160 772 ex
197 733 352 781 tenore,
389 727 448 770 ita
483 732 621 769 tomen
657 731 700 768 ttt
733 725 772 768 ΙΟ
804 724 854 767 (te
887 724 1122 781 receptione
1156 736 1227 779 per
1262 725 1460 765 monitum
1498 722 1559 765 vel
1600 736 1734 766 corre-

112 803 239 855 ptum.
276 804 314 840 et
348 803 490 841 tenore
522 796 728 854 epistolae
760 795 811 838 de
843 807 922 852 qua
966 797 1103 850 agitur
1135 807 1186 835 ea·
1218 792 1360 850 aliquo
1394 792 1650 847 docimiento‚
1699 806 1736 837 v.

111 883 171 926 gr.
206 869 341 926 quoad
379 870 657 924 receptionem
694 880 742 909 ex
769 865 1005 908 huiusmodi
1039 863 1275 921 syngrapha
1299 863 1362 906 vel
1386 877 1434 906 ex
1469 865 1649 906 cursoris
1672 877 1738 906 cu-

111 942 196 983 riae
229 940 477 993 testimonio,
513 937 647 995 quoad
674 942 858 979 tenorem
888 949 987 979 vero
1008 949 1056 978 ex
1081 940 1292 977 asservato
1316 933 1540 989 duplicato,
1565 939 1734 976 constet.

231 1012 291 1053 De
324 1010 586 1065 correptione
622 1007 783 1063 publica
824 1006 1085 1050 solummodo
1123 1010 1217 1049 sunt
1259 1005 1340 1048 duo
1385 1004 1631 1060 paragraphi
1675 1019 1736 1047 se-

109 1087 296 1139 quentes.
329 1080 357 1138 εξ
388 1082 431 1122 2.
469 1078 690 1135 Correptio
724 1082 833 1130 (can.
871 1078 1002 1128 2308)
1033 1076 1201 1133 publico
1235 1078 1347 1118 iuxta
1380 1075 1406 1133 ἓ
1442 1076 1463 1118 2
1497 1075 1589 1131 fieri
1629 1075 1737 1118 licite

110 1157 272 1194 tontum
303 1155 454 1208 potest,
488 1163 563 1192 nec
597 1149 699 1192 alias
749 1148 922 1191 iuridice
960 1146 1081 1200 valet,
1115 1145 1316 1189 odcersits
1348 1159 1465 1188 retem
1503 1145 1553 1188 (le
1585 1144 1736 1188 delicto

108 1222 157 1265 ad
193 1234 379 1264 normam
415 1234 505 1263 can.
542 1220 654 1262 2193
689 1219 919 1262 concictnni
954 1216 1014 1259 cet
1046 1215 1297 1274 confessum,
1329 1219 1402 1259 etsi
1442 1216 1734 1260 extraiudicia-

109 1292 214 1346 liter,
247 1304 341 1335 nam
375 1294 564 1348 sequitur
597 1292 871 1347 correptionis
904 1289 1089 1333 eiusdem
1116 1289 1324 1331 distinctio
1359 1288 1579 1343 implicita:
1615 1292 1654 1329 et
1677 1292 1737 1329 est

111 1362 343 1416 iudicialis,
378 1366 499 1418 prout
547 1360 851 1404 extraiudiciali
886 1359 1200 1403 subintellectae
1232 1360 1466 1414 opponitur,
1518 1358 1555 1400 si
1588 1358 1661 1414 fiat
1695 1362 1735 1409 a)

111 1448 135 1476 (ι
171 1432 307 1476 indice
337 1446 414 1490 pro
452 1431 656 1474 tribiinoti
689 1431 858 1474 sedente
892 1433 929 1473 in
965 1429 1147 1487 qualibet
1181 1442 1396 1485 processus
1436 1434 1561 1485 parte,
1599 1428 1640 1485 b)
1674 1428 1737 1471 ret

111 1503 160 1547 ab
198 1502 430 1547 ordinario
465 1502 574 1559 (can.
610 1503 707 1552 198,
740 1504 765 1556 ἓ
801 1501 840 1558 l)
875 1507 973 1544 ante
1003 1514 1242 1558 processum
1276 1499 1552 1542 criminalem.
1579 1499 1636 1542 De
1661 1499 1736 1543 bac

116 1576 419 1629 «correptione
467 1562 789 1630 deiinduentis»
828 1568 923 1615 sunt
945 1584 1124 1615 canones
1169 1570 1245 1614 sub
1294 1583 1381 1627 cap.
1420 1570 1482 1624 tn,
1516 1570 1592 1612 Tit.
1628 1569 1735 1624 ΧΙΧ,

111 1644 195 1688 Lib.
232 1643 294 1687 lV.

225 1718 250 1770 ,ξ
281 1718 321 1758 4.
361 1714 579 1773 Correptio
604 1714 822 1757 iudicialis
857 1717 894 1757 iu
922 1727 1057 1770 praec.
1092 1714 1134 1763 §⁰
1158 1714 1368 1757 declarata
1405 1713 1446 1770 a)
1479 1712 1539 1756 cet
1562 1712 1738 1755 liabetur

108 1786 195 1830 loco
235 1800 396 1844 poenae
438 1786 574 1843 quoad
619 1791 835 1843 utramque
875 1785 951 1829 sub
996 1785 1141 1828 litteris
1173 1785 1216 1842 a)
1250 1790 1287 1828 et
1323 1784 1376 1841 tt),
1413 1783 1472 1826 cet
1507 1783 1548 1840 b)
1593 1785 1637 1839 fit
1676 1796 1735 1826 «a

109 1858 245 1901 iudice
280 1871 352 1914 pro
387 1857 582 1901 tribunali
617 1857 825 1900 sedente»
865 1856 920 1899 od
952 1855 1186 1913 (tensendum
1218 1870 1393 1913 poenum
1430 1860 1641 1911 praeterea
1678 1858 1734 1897 in-

108 1929 276 1973 tlictam.

226 1998 372 2052 Quoad
409 1998 692 2056 probationem
730 1998 851 2041 huius
896 1999 1068 2041 remedii
1116 1997 1297 2054 poenalis
1335 1996 1506 2040 adhibiti
1553 1997 1633 2039 lata
1675 2001 1735 2040 est

107 2073 131 2125 ᾗ
163 2072 206 2114 5.
245 2067 302 2113 De
333 2070 562 2113 monitione
595 2069 703 2127 (can.
739 2069 872 2126 2307)
906 2074 944 2111 et
978 2069 1241 2126 correptione
1264 2067 1372 2124 (can.
1409 2066 1540 2124 2308)
1573 2067 1652 2110 etsi
1674 2081 1734 2109 se-

107 2147 218 2184 creto
250 2140 393 2199 foetae
423 2140 601 2198 suerint,
638 2145 679 2183 ut
712 2140 968 2184 declaratum
1004 2144 1064 2182 est
1098 2142 1134 2182 in
1170 2142 1194 2193 ,ξ
1230 2140 1285 2193 1⁰,
1311 2144 1503 2182 constare
1535 2138 1650 2181 debet
1684 2139 1732 2181 ad

106 2225 249 2256 earum
286 2211 571 2269 probationem
594 2225 646 2254 er
668 2211 812 2268 aliquo
836 2210 1093 2265 documento,
1118 2210 1227 2267 quod
1253 2223 1426 2266 nempe:
1452 2210 1595 2252 doceat
1623 2223 1733 2252 men-

107 2288 187 2326 tem
222 2283 273 2326 de
307 2282 386 2326 iliis
422 2284 613 2339 peractis,
646 2282 689 2324 in¹
723 2287 881 2325 secreto
916 2296 988 2338 pro
1022 2294 1164 2325 earum
1202 2285 1346 2324 natura
1380 2279 1550 2323 orcleiro
1583 2279 1737 2323 Furiae

107 2354 378 2397 asservando.

225 2424 338 2468 {uxta
372 2438 486 2481 spem
523 2424 632 2481 quod
681 2425 917 2467 fructuosae
962 2423 1055 2466 illae
1100 2424 1261 2466 futurae
1304 2425 1398 2474 sint,
1445 2422 1591 2465 velex
1636 2424 1737 2465 iuris

107 2498 361 2552 praescripto
398 2509 435 2540 v.
469 2509 530 2552 gr.
566 2509 614 2537 ex
650 2508 739 2538 can.
775 2495 858 2537 660
894 2496 969 2537 t'uit
1001 2498 1232 2550 opportuna
1254 2493 1282 2551 ξ
1313 2496 1355 2536 6.
1396 2492 1494 2536 Tam
1526 2492 1735 2550 correptio

104 2579 227 2623 quom
262 2565 435 2608 monitio
467 2565 698 2609 secundum
730 2578 909 2608 canones
936 2565 1231 2621 praecedentes
1264 2567 1503 2622 ceteroquin
1531 2564 1733 2616 facienda,

104 2634 196 2691 fieri
224 2641 361 2693 potest
393 2635 532 2689 semel,
557 2636 665 2692 quod
702 2640 745 2678 ut
771 2635 995 2691 plurimum
1022 2635 1172 2678 suflicit
1207 2637 1310 2689 iure,
1332 2634 1394 2677 ret
1424 2634 1587 2692 pluries
1611 2636 1734 2677 etiam

107 2708 145 2748 in
179 2718 277 2749 casu
308 2706 470 2761 eodem,
503 2707 572 2749 sed
607 2719 685 2762 pro
710 2705 958 2763 Superioris
980 2705 1029 2749 ad
1066 2718 1187 2762 quem
1214 2707 1417 2761 pertineat
1450 2704 1642 2758 arbitrio,
1668 2706 1733 2747 cui

106 2776 291 2820 defertur
323 2789 344 2820 a
380 2778 468 2820 iure
501 2779 540 2819 in
576 2776 650 2820 bac
691 2782 818 2833 parte,
863 2781 901 2818 et
931 2775 1161 2833 prudentio
1206 2776 1334 2820 relate
1367 2777 1417 2820 ad
1463 2778 1732 2820 circumstan-

108 2849 184 2890 tias
218 2860 348 2891 casus.
