1981 3182
1611 156 1816 191 esea-2263
1952 0 1969 201 ἔ

191 160 259 194 136
655 157 739 192 LIB.
766 158 811 191 V.
840 178 851 182 -
880 157 990 192 PARS
1015 157 1065 191 II.
1095 178 1107 182 -
1134 156 1192 191 De
1210 160 1348 200 poenis
1492 157 1585 192 Can.

189 278 300 321 Bulla
340 277 546 333 «Exurge
583 276 794 320 Domine»
820 277 831 298 1
866 277 1081 320 damnarit
1124 276 1289 320 Lutheri
1336 290 1450 334 prop.
1490 277 1602 321 «23.
1638 277 1812 321 Excom-

186 351 485 392 municationes
517 353 609 390 sunt
655 353 812 390 tantum
848 353 1043 391 externae
1080 360 1234 404 poenae
1270 362 1344 392 nec
1395 350 1561 404 privant
1604 348 1814 392 hominem

183 419 474 463 communibus
505 418 790 474 spiritualibus
826 418 1033 462 Ecclesiae
1067 419 1322 462 orationibus
1346 435 1384 460 ³).
1683 474 1690 477 ἱ

306 493 597 533 Verumtamen
633 492 1010 532 excommunicatio
1043 503 1122 532 non
1157 492 1321 546 attingit
1364 490 1521 534 directe
1555 493 1813 534 communio·

184 574 275 603 nem
325 564 578 613 sanctorum,
612 572 718 617 quae
767 562 937 603 internis
987 561 1079 602 tidei
1128 565 1167 603 et
1210 563 1392 603 caritatis
1429 561 1605 604 vinculis
1637 566 1808 605 constat.

186 631 269 674 lmo
303 633 744 674 excommunicationis
769 632 835 673 tini
874 631 1037 686 prodest
1073 633 1312 676 intercessio
1339 631 1522 674 lidelium
1547 637 1585 674 et
1610 632 1814 675 Advocati

185 702 234 745 ad
273 702 433 745 Patrem
467 700 616 745 Christi
662 701 764 744 lesu.
802 702 1020 757 Propterea
1054 694 1238 745 decernit
1274 704 1298 755 ξ
1330 704 1372 745 ἱ).
1408 701 1497 746 Non
1539 701 1816 759 prohibentur

184 778 321 815 lumen
358 773 558 816 indirecte
591 772 642 816 ob
676 772 902 830 quamlibet
936 772 1106 816 alterius
1139 775 1637 817 excominunicationem:

304 843 360 885 1.0
384 842 570 896 Fideles,
601 845 670 900 qui
705 842 914 886 Ecclesiae
937 842 1185 897 subduntur,
1216 843 1417 901 privatim
1445 844 1570 887 idest:
1596 844 1707 887 cultu
1734 846 1814 899 pri-

189 919 281 958 vato
316 914 423 971 (can.
462 914 592 970 1256)
626 927 673 957 ac
706 914 942 969 singulatim
982 913 1043 956 vet
1080 914 1128 957 ad
1165 916 1291 957 instar
1326 915 1504 958 familiae
1549 928 1627 972 pro
1659 929 1704 958 eo
1737 917 1814 959 sci-

184 985 301 1030 licet:
336 985 493 1028 directe
528 987 565 1027 in
603 986 787 1027 favorem
822 985 1078 1041 spiritualem
1119 985 1181 1028 vel
1223 985 1492 1042 temporalem
1528 988 1813 1030 excommuni-

182 1059 261 1100 cati
296 1070 422 1099 orare
455 1058 614 1099 inter-ne
647 1061 716 1098 aut
750 1061 935 1110 externe,
961 1069 1156 1112 expressa
1190 1069 1355 1114 quoque
1389 1059 1629 1101 intentione.
1662 1055 1815 1110 Quam-

186 1130 246 1170 vis
279 1129 387 1170 enim
424 1127 607 1170 Ecclesia
643 1132 777 1183 posset
810 1140 881 1169 sua
920 1126 1194 1182 prohibitione
1228 1133 1344 1171 actus
1393 1128 1482 1171 illos
1514 1133 1708 1171 externos
1745 1141 1812 1171 ve-

183 1203 285 1251 tare,
321 1211 397 1240 non
433 1200 624 1254 congruit
659 1200 785 1254 ipsius
819 1197 1061 1253 benignitati
1096 1203 1143 1241 ac
1179 1199 1262 1249 tini3
1291 1212 1414 1256 quem
1451 1201 1642 1256 prosequi
1677 1198 1813 1242 debet.

304 1268 400 1312 ltem
437 1269 485 1312 ad
538 1272 739 1311 internam
774 1274 1012 1311 sanctorum
1047 1272 1383 1312 communionem
1430 1272 1620 1326 proprius
1652 1269 1815 1313 accedit

183 1340 388 1383 derivatio
424 1340 650 1395 personalis
684 1345 722 1382 et
755 1340 916 1383 occulta
958 1342 1199 1383 meritorum
1234 1339 1397 1394 Christi,
1431 1353 1538 1398 quae
1571 1341 1814 1384 conceditur

183 1411 259 1454 sub
303 1411 360 1453 n.0
394 1412 456 1453 30
500 1411 745 1454 Sacerdotes
793 1410 979 1467 quilibet,
1032 1411 1198 1467 parochi
1234 1414 1358 1455 etiam
1391 1417 1430 1454 et
1467 1409 1680 1456 Ordinarii
1714 1410 1812 1454 Mis-

183 1497 273 1525 sum
320 1487 356 1535 a)
402 1482 619 1540 privatim,
652 1485 845 1539 quamvis
893 1485 1058 1526 conscia
1104 1496 1181 1526 una
1230 1483 1291 1526 vel
1326 1485 1455 1526 altera
1490 1496 1664 1539 persona
1699 1484 1815 1526 fami-

185 1553 306 1607 liare,
327 1554 495 1597 forsitan
533 1553 755 1610 praebente
780 1554 1102 1611 eleemosynam,
1126 1554 1353 1598 dummodo
1389 1554 1551 1611 publice
1586 1557 1811 1610 ignoretur,

184 1625 362 1668 addente
410 1638 590 1668 canone:
642 1624 682 1681 b)
734 1638 781 1666 ac
830 1630 986 1668 remoto
1032 1624 1249 1676 scandolo,
1298 1626 1407 1683 quod
1452 1626 1633 1669 derivari
1681 1630 1816 1681 posset

185 1696 391 1749 fidelibus,
425 1699 494 1754 qui
540 1702 730 1753 putarent
767 1697 803 1739 id
841 1698 927 1739 lieri
963 1710 1040 1739 non
1086 1711 1216 1753 posse,
1257 1697 1316 1740 vel
1351 1700 1445 1754 quia
1493 1697 1813 1753 parvipendere-

185 1773 251 1811 tur
284 1767 494 1811 Ecclesiae
527 1781 716 1818 censura,
750 1771 853 1811 sicut
889 1770 1077 1811 eveniret
1112 1769 1348 1824 recipiendo
1382 1767 1528 1811 Missae
1564 1768 1815 1824 stipendium

183 1838 234 1882 ab
260 1841 346 1895 ipso
370 1842 748 1891 excommunicato,
780 1852 858 1896 pro
892 1853 952 1891 eo,
985 1841 1043 1882 uti
1077 1838 1154 1882 hoc
1198 1844 1257 1881 est
1290 1840 1365 1882 sub
1401 1852 1438 1881 n.
1478 1839 1515 1881 1Ο
1540 1839 1814 1892 declaratum,

183 1909 402 1967 applicare
433 1910 482 1953 ad
519 1910 746 1967 quemlibet
781 1910 998 1953 honestum
1034 1911 1156 1953 linem
1193 1913 1301 1952 iuxta
1338 1910 1626 1966 applicationis
1669 1914 1811 1952 exten-

183 1982 339 2024 sionem
374 1981 423 2023 ad
459 1993 548 2023 can.
585 1981 666 2023 809
718 1980 980 2036 explicatam.
1012 2006 1069 2011 —
1102 1980 1214 2023 Haec
1265 1983 1547 2036 interpretatio
1582 1979 1748 2040 fulcitur
1790 1991 1811 2022 a

184 2064 354 2095 canone.
380 2052 477 2095 dum
512 2052 781 2095 adversative
813 2051 1049 2108 subiungit:
1083 2050 1168 2102 sed,
1192 2052 1451 2094 solummodo
1476 2051 1513 2093 si
1536 2051 1590 2093 sit
1616 2050 1812 2093 citandus

185 2125 572 2166 excommunicatus
619 2124 667 2165 ad
721 2136 907 2165 normam
942 2129 1048 2167 cau.s
1082 2123 1208 2175 22:58,
1244 2123 1279 2176 §¹
1316 2122 1367 2174 Ξῖ,
1399 2136 1477 2179 pro
1526 2122 1616 2165 eius
1649 2134 1812 2164 concer-

184 2193 302 2236 sione
336 2199 511 2239 trimum.
546 2194 725 2236 exclusis
768 2208 866 2250 ergo
913 2193 1169 2245 utilitatibus,
1216 2194 1307 2236 licet
1352 2193 1514 2236 Missam
1564 2207 1682 2250 «pro
1716 2206 1807 2236 eo»

184 2263 261 2307 sub
293 2264 601 2307 conditionibus
635 2264 674 2321 a)
709 2270 745 2307 et
783 2265 821 2320 b]
858 2264 1174 2321 «applicare».

304 2336 371 2379 90.
418 2337 592 2387 Quoad
640 2340 780 2381 actus
823 2338 1076 2392 legitimos
1124 2338 1215 2381 etsi
1264 2350 1359 2381 non
1409 2349 1581 2381 sacros
1629 2334 1810 2390 explicat

187 2405 485 2462 prohibitiones
532 2420 622 2450 can.
656 2408 783 2449 3363
821 2422 840 2446 «
865 2420 957 2449 cum
997 2409 1122 2449 veteri
1177 2409 1263 2448 iure
1298 2419 1575 2462 congruens»
1630 2405 1737 2462 (can.
1775 2406 1813 2458 ti,

186 2476 242 2527 20,
278 2476 352 2532 3⁰5.
387 2477 452 2520 Sic
486 2479 594 2519 enim
632 2477 781 2533 legitur
817 2479 852 2519 in
887 2490 975 2533 cap.
1017 2477 1063 2519 14
1105 2476 1124 2517 (ὲ
1150 2477 1200 2519 dc
1239 2479 1441 2520 sententia
1474 2478 1813 2519 excommunica-

183 2549 347 2590 tionis»
388 2549 425 2589 in
462 2547 527 2590 60:
569 2563 588 2587 «
614 2547 1006 2591 Excommunicatus
1040 2552 1174 2590 tamen
1212 2550 1452 2591 nominatim
1481 2547 1543 2590 vel
1577 2546 1812 2602 specialiter

183 2622 221 2661 et
255 2632 450 2674 expresse
500 2618 779 2674 jsstttnitatiooes
828 2632 935 2661 nunc
983 2618 1202 2674 sublatae),
1237 2621 1307 2676 qui
1359 2624 1446 2675 post
1489 2617 1808 2674 appellationem

186 2688 411 2745 legitimam
462 2692 906 2732 excominunicationis
952 2692 1197 2732 sententiam
1243 2692 1389 2732 asserit
1440 2692 1476 2731 iu
1521 2702 1563 2732 se
1610 2688 1746 2736 latam,
1782 2690 1814 2730 si

186 2759 503 2815 appellationem
538 2760 726 2802 eamdem
772 2761 872 2803 inl'ra
919 2765 1079 2816 tompus
1113 2760 1162 2803 ad
1209 2763 1336 2816 ipsam
1389 2759 1718 2816 prosequemlam
1763 2758 1814 2809 ab

307 2914 317 2934 ¹
348 2913 390 2946 15
417 2913 503 2947 Iun.
536 2914 637 2947 1520.
670 2914 907 2958 Denzfflger,
938 2926 976 2947 n.
1006 2914 1085 2947 763.
