1981 3182
101 0 146 10 fv:
171 0 222 11 *rw
241 0 246 2 ·
275 0 304 9 ’κ

0 0 49 64 ΞΔ“

80 164 91 177 ’
127 117 221 154 can.
247 118 452 154 2388-2389
502 118 587 153 Trr.
615 118 742 152 XVII⁴
771 139 784 144 -
810 119 867 154 De
892 120 966 154 del.
987 132 1018 155 c.
1040 122 1152 165 obliy.
1175 124 1264 156 stat.
1286 122 1372 156 cler.
1682 124 1752 158 303

125 237 357 281 intellectus
391 237 449 295 (v.
485 251 545 294 gr.
581 239 676 294 quia
704 238 853 281 mulier
877 239 1093 293 ignorabat
1116 240 1394 284 conditionem
1422 241 1623 298 regularis
1655 255 1749 286 cum

125 322 206 366 quo
239 308 524 361 contrahebat,
560 308 621 352 vel
667 311 796 365 ipsam
843 322 1014 365 poenam
1052 311 1290 368 adnexam),
1324 313 1413 354 sive
1446 325 1495 354 ex
1531 317 1645 368 parte
1682 326 1751 355 vo-

126 378 306 429 luntatiS‚
331 380 516 439 eximit»
545 378 595 422 ab
619 381 1051 422 excommunicatione
1076 380 1151 424 hac
1177 381 1441 433 incurrenda,
1465 384 1540 425 nisi
1565 382 1752 426 affectata

124 450 176 492 sit
208 450 457 504 ignorantia,
493 448 601 506 (can.
629 449 754 495 2229,
789 452 813 503 ἓ
848 449 885 503 1,
923 450 978 506 2),
1002 450 1104 493 alias
1127 451 1277 508 singuli
1302 452 1500 508 praedicti
1528 452 1753 496 incurrant

126 519 169 561 in
202 519 673 562 ea‘coininanicationem
697 519 812 562 latae.
834 520 1068 562 sententiae
1092 520 1189 564 Secti
1211 522 1478 579 Apostolicae
1504 523 1755 581 siinpliciter

128 594 399 644 reservatam,
433 595 471 633 et
505 590 608 634 haec
641 595 701 633 est
734 592 864 646 prima
899 593 1069 634 canonis
1104 604 1219 648 pars,
1256 618 1307 622 ——
1344 592 1487 635 elerici
1516 599 1754 651 praeterea,

128 664 171 703 ut
203 672 342 715 supra,
377 660 414 702 si
448 660 610 711 moniti,
636 666 818 718 tempore
845 659 894 702 ab
923 659 1156 704 Ordinario
1190 668 1448 719 competente
1482 664 1531 707 ad
1567 678 1753 708 normam

127 742 216 774 can.
260 730 369 773 1566
401 744 480 788 pro
514 730 809 774 (alianctorain
837 731 1084 774 diversitate
1114 733 1354 790 praefinito,
1380 748 1457 776 non
1498 735 1756 792 resipuerint

130 814 201 858 per
245 814 388 844 veram
435 804 742 858 poenitentiam,
787 800 1076 859 deqradentnr
1119 816 1246 859 poena
1292 805 1486 847 ferendae
1528 809 1755 849 sententiae

131 873 408 928 praeceptivis
457 870 595 915 verbis
642 884 852 928 expressa,
887 878 925 915 et
964 886 1070 929 quae
1110 874 1395 930 «degradatio
1429 877 1466 917 in
1500 888 1542 918 se
1575 878 1757 919 continet

128 942 444 998 depositionem,
478 946 719 998 perpetuam
757 945 1030 998 privationem
1068 943 1232 987 habitus
1265 944 1533 988 ecclesiastici
1568 950 1606 989 et
1640 947 1758 989 redu·

128 1014 305 1056 ctionem
341 1012 480 1056 clerici
515 1013 564 1055 ad
601 1017 751 1055 statum
789 1013 1021 1056 laicalem»
1059 1016 1163 1069 (can.
1202 1015 1328 1069 2305,
1361 1015 1389 1074 ἓ
1420 1015 1482 1071 1);
1518 1021 1557 1059 et
1590 1016 1758 1073 explicit

130 1096 324 1139 praesens
357 1095 487 1126 canon
522 1086 604 1127 sic:
640 1083 758 1139 firmo
789 1085 1055 1142 praescripto
1080 1100 1169 1127 ean.
1197 1089 1297 1138 188,
1323 1101 1359 1130 n.
1384 1089 1426 1129 5.
1450 1087 1636 1131 Scilicet:
1668 1103 1686 1128 c(
1707 1088 1758 1131 ob

129 1155 295 1197 tacitam
331 1156 685 1197 renunciationem
721 1154 772 1198 ab
808 1157 892 1211 ipso
919 1158 1006 1198 iure
1030 1156 1252 1199 admissam
1279 1157 1485 1213 quaelibet
1519 1158 1651 1201 officia
1690 1172 1757 1202 va-

128 1228 222 1267 cant
256 1226 344 1280 ipso
379 1226 483 1268 sacto
518 1230 556 1268 et
589 1227 677 1268 sine
712 1225 791 1268 ulla
826 1226 1124 1280 declaratione,
1144 1230 1175 1269 si
1201 1228 1400 1271 clericus:
1437 1229 1525 1273 ...30
1550 1228 1758 1272 Matrimo-

128 1296 259 1349 nium,
292 1297 414 1338 etiam
450 1295 573 1339 civite
608 1301 780 1352 tantum,
816 1301 857 1340 ut
891 1300 1018 1348 aiunt,
1054 1300 1369 1341 contraxerit».

247 1366 266 1422 ξ
300 1365 339 1408 2.
379 1364 500 1419 Quod
531 1367 568 1408 si
601 1367 686 1409 sint
733 1367 774 1423 a)
805 1366 992 1425 professi
1037 1373 1220 1411 colorant
1260 1369 1512 1426 simpliciam
1548 1370 1587 1425 b)
1616 1384 1760 1428 perpe-

132 1442 297 1479 tuorum
331 1435 372 1493 a)
409 1442 493 1479 tam
539 1437 850 1480 iii-Ordinibus
894 1439 1050 1482 exclusi
1099 1452 1119 1482 a
1171 1440 1434 1496 praecedenti
1485 1442 1759 1498 paragrapho,

134 1520 170 1548 v.
203 1520 264 1563 gr.
301 1506 410 1564 (can.
444 1507 542 1564 488,
577 1522 613 1551 n.
650 1509 713 1565 7⁰)
753 1509 1015 1566 «religiosae
1049 1522 1224 1567 quarum
1264 1515 1354 1553 vota
1380 1525 1428 1554 ex
1455 1514 1638 1555 instituto
1666 1517 1761 1555 sunt

129 1576 360 1633 sollemnia,
395 1578 464 1621 sed
503 1592 574 1635 pro
609 1579 817 1637 aliquibus
850 1579 950 1623 locis
981 1594 1029 1624 ex
1061 1580 1324 1637 Apostolicae
1356 1582 1472 1625 Sedis
1506 1585 1760 1639 praescripto

129 1653 223 1691 sunt
256 1648 522 1705 simplicia»,
558 1652 679 1693 etiam
717 1652 887 1707 professi
934 1651 1156 1695 triennales
1199 1649 1403 1695 Ordinum
1439 1658 1532 1696 ante
1567 1654 1618 1695 19
1653 1653 1759 1709 Maii,

132 1717 174 1775 b)
208 1732 333 1776 (sicam
368 1719 410 1761 in
449 1719 853 1777 Conareyationibas
885 1722 1112 1778 reliqiosis,
1146 1737 1298 1778 amnes,
1335 1728 1378 1766 at
1410 1737 1554 1781 snpra,
1577 1724 1759 1768 scilicet:

131 1791 170 1832 in
204 1791 232 1844 ἓ
266 1788 322 1843 1⁰,
357 1790 542 1846 singulos
575 1805 716 1834 eorum
753 1797 789 1834 et
823 1805 919 1835 cum
953 1792 1092 1850 aliquo
1130 1793 1191 1835 vet
1226 1793 1363 1851 aliqua
1398 1808 1445 1837 ex
1483 1794 1544 1837 his
1582 1797 1763 1838 «11131Γί-

133 1862 331 1912 monium,
365 1864 488 1904 etiam
524 1861 704 1905 civiliter
738 1867 895 1905 tantum
931 1863 1177 1907 contrahere
1211 1870 1578 1921 praesumentes»,
1602 1880 1760 1909 eoeeoin-

134 1930 362 1974 manicatio
398 1936 507 1974 tenet
541 1932 657 1975 latae
689 1933 924 1975 sententiae
961 1933 1194 1977 Ordinatio
1229 1941 1457 1979 reservata.
1495 1934 1677 1988 «Quare
1710 1936 1761 1980 ab

133 2012 179 2043 ea
214 2000 388 2058 quilibet
419 1999 668 2046 Ordinarius
702 2003 769 2061 (ad
807 2017 992 2046 normam
1028 2017 1119 2048 can.
1152 2005 1248 2058 198,
1281 2005 1309 2062 ἓ
1344 2004 1385 2062 l)
1429 2005 1646 2050 absolvere
1691 2021 1759 2063 po-

132 2075 209 2114 test
241 2084 337 2114 suos
369 2071 568 2127 subditos,
605 2074 680 2117 loci
720 2088 816 2118 vero
860 2072 1108 2119 Ordinarius
1151 2078 1273 2119 etiam
1321 2079 1599 2133 peregrinos»
1653 2078 1761 2134 (can.

133 2141 262 2197 2253,
297 2141 373 2199 3⁰).

255 2213 352 2256 232-
375 2215 614 2261 Delictum
634 2221 807 2263 contra
825 2219 983 2274 legem
999 2221 1132 2264 vitae
1150 2221 1493 2265 communis.-—
1509 2218 1759 2263 Cane389.

134 2282 343 2341 Rettqtosi
366 2283 495 2341 leqem
522 2286 631 2329 vitae
653 2287 882 2330 committitis
909 2287 1277 2331 constitutionibus
1295 2289 1589 2346 praescriptae
1620 2295 1762 2333 contra

134 2353 223 2397 illas
256 2354 297 2397 in
332 2369 377 2397 re
410 2355 606 2410 notabili,
638 2370 732 2400 cum
767 2360 885 2414 gravi
920 2372 1018 2414 ergo
1049 2363 1231 2415 peccato,
1259 2358 1474 2415 violantes,
1509 2359 1541 2401 l⁰
1572 2360 1763 2416 qraeiter

136 2431 400 2482 moneantur,
434 2431 473 2469 et
508 2426 559 2469 ΙΙο
593 2428 883 2471 emendatione
924 2443 1002 2471 non
1050 2434 1208 2482 secata,
1245 2434 1414 2485 propter
1458 2432 1762 2486 reparationem

135 2490 214 2538 non
248 2495 402 2545 datam,
439 2496 501 2541 vel
537 2497 685 2541 melius
720 2504 888 2555 propter
922 2500 1251 2555 reincidentiam,
1290 2500 1398 2543 «lex
1435 2502 1562 2543 utitur
1596 2513 1762 2556 praece-

137 2567 261 2622 ptivis
297 2566 434 2610 verbis
457 2583 477 2608 »
519 2567 628 2625 (can.
664 2569 791 2623 2223,
823 2570 850 2627 ξ
885 2570 927 2627 3)
958 2570 1196 2628 puniantur
1224 2570 1351 2613 eliani
1381 2570 1621 2628 privatione
1653 2570 1763 2613 vocis

136 2635 298 2679 activae
330 2642 369 2679 et
398 2638 595 2694 passivae
626 2645 665 2681 et
701 2639 769 2682 ΙΙΙΟ
802 2640 879 2684 sub
913 2641 1164 2695 conditione,
1187 2641 1225 2683 si
1243 2641 1490 2698 Superiores
1513 2641 1611 2691 sint,
1635 2641 1762 2683 etiam

138 2705 272 2763 officii.
308 2706 532 2753 Recolatur
565 2723 708 2754 norma
743 2723 832 2754 can.
870 2711 995 2767 2223,
1018 2712 1046 2769 g
1085 2712 1101 2753 1
1137 2711 1314 2755 scilicet:
1344 2727 1365 2752 α
1389 2711 1430 2754 ln
1466 2713 1606 2768 poenis
1638 2711 1763 2768 appli-

137 2777 280 2821 candis
312 2778 437 2822 iudex
472 2783 613 2838 nequit
647 2794 820 2837 poenam
864 2782 1182 2825 determinatam
1226 2795 1393 2838 augere,
1429 2784 1504 2825 nisi
1538 2782 1764 2825 extraordi-

138 2849 252 2891 naria
291 2848 485 2893 adiuncta
529 2854 803 2908 aggravanda
838 2852 876 2895 id
912 2855 1142 2908 exigant».
1177 2852 1254 2896 Hic
1286 2865 1415 2896 canon
1455 2851 1764 2895 «societatibus
