1981 3182
225 120 271 153 48
690 119 775 152 LIB.
803 119 850 153 V.
879 138 892 145 -
918 119 1028 153 PARS
1053 119 1104 153 II.
1134 139 1145 144 -
1172 119 1230 154 De
1249 122 1386 164 poenis
1530 119 1623 155 Can.
1649 120 1855 155 2215-2216

223 238 374 281 clesiae
407 237 836 286 stitit,noli'one,st1b
884 251 973 281 can.
1025 238 1151 292 2215,
1202 238 1428 295 speciebus,
1477 243 1563 281 tum
1607 252 1657 282 ex
1707 244 1851 282 natura

226 311 405 364 ipsarum
443 311 578 364 petitis
613 311 650 351 in
684 322 773 353 can.
809 309 935 364 2216,
973 314 1056 351 tum
1093 323 1140 351 ex
1178 309 1239 351 liis
1273 322 1379 366 quae
1412 309 1682 352 accidentalia
1719 312 1854 366 potius

223 384 314 421 sunt
351 382 409 421 eis
436 378 498 421 vel
533 381 765 422 extrinseca
814 378 891 422 sul)
939 392 1030 422 can.
1059 379 1186 433 2217,
1226 379 1579 436 interpretatione
1616 384 1741 436 (itque
1779 393 1852 437 ap-

219 449 464 506 plicatione,
499 453 692 506 quamvis
726 450 806 493 (luo
842 452 1036 506 postremi
1072 464 1251 493 canones
1286 450 1414 503 2218,
1455 450 1566 492 2219
1601 449 1675 494 has
1707 451 1852 494 ordine

225 525 380 563 mutato
416 525 679 576 pertractent.

343 591 409 634 aa.
445 594 589 637 Notio
626 592 834 647 praedicta
870 594 1022 647 optime
1055 592 1177 634 datur
1224 605 1296 647 per
1341 596 1518 648 quatuor
1551 591 1660 634 illius
1692 604 1850 634 causas.

227 661 326 704 (im.
360 664 493 706 9315.
532 661 669 705 Poena
692 662 992 715 ecclesiastiea,
1012 667 1096 705 tum
1124 668 1291 718 propter
1315 661 1521 718 publicam
1546 650 1850 716 auctoritatem,

223 738 307 775 tuin
345 738 512 789 propter
559 734 791 776 subiectum
838 736 926 776 eius
975 735 1202 789 proprium,
1250 738 1333 776 tum
1385 735 1507 775 etiam
1548 737 1591 775 ut
1626 732 1848 788 plurimum

223 809 390 860 propter
417 804 523 846 illius
548 809 736 847 naturam
763 803 1031 860 peculiarem,
1058 809 1131 856 est,
1156 817 1234 846 non
1260 804 1594 846 solum'carentia
1629 802 1852 846 cuiuslibet

223 874 333 926 boni,
368 875 476 931 quod
511 874 633 917 homo
669 874 821 918 habere
863 880 1010 930 posset,
1055 875 1125 917 sed
1163 877 1328 930 proprie
1364 874 1550 931 privatio
1585 873 1712 917 debiti
1747 886 1848 931 qua-

222 945 496 1002 litercumque
530 945 716 988 subiecto
751 945 934 987 alieuius
957 945 1064 994 honi,
1088 945 1309 1002 quodcum
1336 958 1424 987 esse
1458 947 1583 1001 possit
1619 944 1849 1000 multiplex,

220 1022 299 1059 tam
335 1016 549 1072 spirituale
583 1029 708 1073 quam
743 1016 986 1072 temporale,
1022 1018 1059 1058 iu
1094 1030 1137 1059 se
1173 1018 1270 1072 ipsis
1313 1029 1359 1059 ea
1405 1029 1577 1058 numero
1622 1018 1849 1072 constringi

220 1101 296 1130 non
335 1092 512 1144 possent,
549 1089 623 1130 nisi
659 1092 863 1144 quatenus
897 1101 969 1143 per
1003 1090 1257 1143 privationes
1290 1088 1589 1130 determinatas
1623 1087 1688 1130 illa
1726 1091 1851 1129 mate-

220 1158 376 1201 rialiter
424 1159 683 1201 considerata
735 1160 772 1200 in
819 1158 1018 1215 quasdam
1068 1158 1220 1201 classes
1268 1158 1462 1201 collocari
1513 1162 1695 1214 possunt,
1743 1170 1849 1215 quae

220 1242 443 1285 poenarum
471 1230 756 1272 distinctiones
780 1229 972 1272 formales
996 1229 1242 1285 producunt.
1269 1229 1378 1271 Finis
1403 1243 1502 1272 vero
1525 1241 1667 1272 earum
1693 1228 1847 1285 duplex

216 1303 469 1353 enuntiatur,
491 1303 649 1356 primus
672 1300 727 1343 (ul
749 1299 1034 1357 delinquentis
1055 1300 1351 1343 correctionem
1374 1314 1445 1356 per
1468 1300 1605 1343 delicti
1633 1302 1847 1356 praeviam

216 1371 499 1414 exclusionem
535 1374 732 1414 canonica
767 1374 1089 1414 comminatione
1135 1384 1302 1427 poenae,
1345 1376 1468 1427 atque
1503 1384 1574 1427 per
1607 1371 1716 1414 illius
1747 1373 1848 1414 resi-

218 1445 457 1498 piscentiam
496 1443 720 1485 inflictione
757 1455 911 1498 poenae
945 1442 1227 1491 obtinendam,
1263 1448 1301 1484 el
1334 1442 1542 1485 secundus
1578 1443 1670 1484 finis
1703 1447 1763 1485 est
1796 1442 1846 1485 ad

214 1513 360 1556 delicti
390 1513 667 1572 partitionem,
714 1519 755 1556 ut
800 1516 857 1556 sic
909 1526 1037 1569 poena
1075 1518 1320 1569 reparentur
1366 1513 1625 1566 scandalum,
1669 1515 1699 1556 si
1735 1513 1844 1570 quod

214 1587 362 1637 extitit„
397 1590 521 1641 atque
554 1585 718 1627 socialis
751 1584 852 1627 ordo
886 1584 936 1627 ad
972 1583 1182 1626 Ecclesiae
1216 1584 1338 1626 tinem
1374 1597 1520 1627 secure
1552 1583 1843 1637 obtinendum3

213 1667 261 1698 ac
297 1660 469 1711 uterque
501 1668 651 1710 scopus
675 1657 817 1710 exigit,
845 1659 884 1697 ut
914 1667 1082 1709 «poena
1117 1654 1437 1697 ecclesiastica»
1467 1668 1490 1695 a
1516 1653 1707 1711 leyi'ti'ma
1733 1656 1843 1697 iuxta

212 1739 264 1768 ss.
299 1738 479 1768 canones
514 1739 586 1781 pro
620 1725 863 1768 diversitate
897 1737 1122 1781 poenarum
1148 1738 1195 1768 ac
1218 1724 1478 1767 subditorum
1513 1724 1770 1767 ‹ittelori'lale
1792 1727 1841 1767 sit

214 1796 279 1839 illa
317 1796 479 1852 inflicta
513 1796 698 1852 singulis.

332 1866 397 1909 33.
435 1868 675 1923 Suprema
708 1869 887 1913 divisio
921 1881 1191 1923 poenarum
1226 1880 1275 1909 ex
1312 1869 1468 1908 motivo
1504 1868 1727 1923 praecipuo
1761 1868 1843 1908 sin-

211 1937 402 1993 gularum
437 1937 560 1980 datur
591 1940 728 1980 statim
764 1951 785 1980 a
819 1937 983 1981 Codice.
1019 1937 1291 1980 Considerare
1335 1942 1497 1993 oportet
1540 1950 1683 1980 omnes
1716 1937 1844 1980 eccle-

210 2010 397 2051 siasticas
432 2021 597 2064 poenas,
633 2010 688 2051 uti
725 2008 815 2064 lege
848 2010 1133 2061 comminatas,
1169 2008 1351 2050 ordinari
1377 2008 1427 2051 ad
1456 2008 1743 2063 praecavenda
1777 2008 1843 2050 de-

212 2078 320 2131 licta,
356 2083 395 2121 ut
421 2081 631 2121 innuimus
656 2082 693 2121 in
720 2092 855 2135 praec.
881 2092 1052 2132 canone,
1077 2079 1146 2121 sed
1174 2080 1280 2121 inter
1299 2078 1388 2121 illas
1412 2079 1588 2122 inflictas
1610 2078 1839 2122 secundum

210 2162 352 2192 carum
398 2155 602 2203 naturam,
645 2164 716 2206 per
758 2149 918 2206 aliquas
957 2149 1139 2193 Ecclesia
1186 2152 1408 2205 praecipue
1452 2150 1624 2192 intendit
1666 2166 1685 2190 ι(
1710 2149 1839 2192 delin-

207 2223 371 2278 quentis
405 2224 706 2264 correctionem
729 2238 765 2275 J),
794 2235 865 2277 per
888 2221 990 2263 alias
1028 2221 1206 2263 «delicti
1235 2223 1488 2276 punitionem
1511 2236 1547 2275 n,
1585 2234 1655 2276 per
1679 2225 1839 2263 ceteras

212 2304 309 2333 vero
345 2294 513 2346 praevie
546 2292 771 2335 excludere
805 2292 954 2335 delicta
992 2291 1267 2348 perpetranda
1306 2291 1368 2334 vel
1403 2304 1544 2334 eorum
1582 2293 1836 2347 punitionem

208 2376 285 2404 non
322 2362 509 2405 absolute
544 2366 836 2415 necessariam,
870 2366 1029 2406 etiamsi
1065 2363 1274 2420 quaelibet
1320 2363 1473 2405 intlicta
1510 2375 1639 2417 poena
1673 2376 1835 2405 secum-

208 2434 315 2475 ferre
351 2436 475 2487 possit
509 2437 810 2477 correctionem
846 2434 1125 2491 delinquentis
1158 2433 1373 2476 subeuntis
1406 2445 1511 2486 eam,
1544 2433 1641 2475 dum
1679 2435 1838 2489 insepa-

209 2503 347 2545 rabilis
381 2516 402 2545 a
439 2517 568 2559 poena
604 2505 812 2547 iudicatur
845 2505 1012 2547 afflictio
1048 2509 1216 2560 propter
1249 2504 1446 2547 delictum
1475 2507 1744 2559 praeteritum
1773 2503 1836 2546 vel

206 2576 404 2628 laturum,
438 2587 485 2617 ac
519 2575 640 2618 liuius
673 2578 724 2618 sit
744 2578 1103 2631 praeservativum
1129 2575 1357 2618 secundnm
1383 2580 1571 2617 naturam
1598 2574 1835 2628 humanam,

202 2657 309 2701 quae
343 2646 492 2701 refugit
526 2646 631 2688 mala
664 2651 981 2702 superventura.
1021 2646 1189 2701 Propter
1224 2646 1336 2688 illum
1369 2645 1638 2702 principalem
1663 2659 1833 2701 scopum

202 2718 261 2758 sic
297 2728 449 2771 poenas
481 2715 695 2771 distinguit
731 2731 820 2759 caiz.
846 2720 981 2760 3316.
1016 2716 1059 2759 In
1093 2716 1283 2759 Ecclesia
1317 2716 1620 2773 delinquente&
1645 2718 1703 2758 sic
1736 2716 1834 2759 dicti

205 2791 372 2842 propter
421 2785 619 2829 delictum
671 2790 937 2842 praeteritum
972 2788 1021 2831 ad
1059 2800 1245 2829 normam
1295 2789 1419 2830 totius
1466 2799 1556 2830 can.
1608 2786 1734 2837 2195,
1768 2786 1832 2829 vel

204 2856 378 2900 relative
411 2857 460 2900 ad
497 2857 594 2900 illud
632 2860 866 2906 imminens,
899 2858 1169 2916 plectantur:
