1981 3182
4 0 283 68 req-“Pin‘'
347 0 422 7 ··'--*
466 0 493 2 s·
546 0 615 10 ,Η
650 0 654 4 ·
695 1 698 4 ·

0 61 19 145 l?

136 132 230 170 Can.
255 133 459 168 2351-2352
512 133 596 166 Trr.
618 132 726 166 XIV.
746 152 761 157 -
779 132 836 167 De
853 132 1004 166 delictis
1023 134 1158 186 contro
1177 134 1299 166 vitam
1317 134 1382 166 etc.
1693 132 1762 165 ‘255

252 251 387 296 Manet
419 265 585 310 quoque
619 265 667 294 ex
704 250 827 295 Cone.
862 249 973 293 Trid.
1010 250 1021 272 ¹
1058 263 1201 306 poena,
1236 263 1358 307 quam
1383 253 1440 294 sic
1464 250 1759 308 uectat-aiga).

136 322 222 381 Ipsi
254 337 349 366 vero
382 322 621 366 claellcmtes
654 334 780 379 supra
813 321 911 365 dicti
946 333 993 364 ac
1027 321 1224 364 declarati
1259 327 1297 364 et
1331 321 1402 378 qui
1434 334 1576 364 eorum
1596 321 1763 378 patrini

133 399 349 446 vocantur,
384 407 432 437 eo
478 393 588 451 quod
635 393 797 436 adstant
842 397 885 435 ut
925 392 1185 435 conditiones
1227 392 1351 435 duelli
1396 397 1627 443 serventur,
1669 398 1765 435 sunt

130 470 355 522 praeterea
390 464 480 521 ipso
515 463 645 507 duelli
680 463 795 521 sacto
830 462 1025 520 infames,
1070 475 1217 519 nempe
1265 478 1287 503 «
1311 463 1481 506 infamia
1525 465 1666 505 iuris»
1715 463 1763 505 ad

136 547 322 578 normam
359 548 448 579 can.
485 535 613 589 2293,
646 537 671 589 ἓ
704 535 741 578 ⁶2.

255 605 544 661 Interpretatio
584 605 698 648 vei-bi
739 620 761 645 «
783 603 1013 647 duellantes
1037 619 1056 643 >)
1096 603 1331 646 declaratur
1365 606 1402 646 in
1427 603 1590 647 casibus
1615 617 1686 660 per
1712 617 1767 646 re—

137 689 331 732 sponsum
367 678 404 719 5.
440 675 481 719 C.
517 674 559 719 C.
600 677 809 731 proposito
833 673 983 717 dubio:
1014 689 1035 714 «
1058 673 1135 723 An,
1159 686 1179 716 a
1205 673 1354 730 quibus
1378 678 1415 716 et
1439 687 1486 716 cx
1513 686 1691 730 quonam
1719 676 1764 715 ti-

139 747 223 790 tulo
256 746 541 803 irregularitas
575 744 857 797 contrahatur,
880 744 1046 801 quando
1080 743 1262 786 duellum
1299 756 1344 786 ea
1380 746 1536 786 ratione
1579 746 1765 786 commit-

138 821 251 871 titur,
292 830 373 875 quo
417 817 480 860 his
521 815 778 872 temporibus
820 817 926 858 inter
968 814 1215 857 Germaniae
1258 813 1546 858 Universitatis
1579 814 1766 857 alumnos

139 890 225 931 tieri
261 887 365 931 solet
399 890 437 930 in
472 900 584 931 casu.
619 885 720 929 Nam
756 887 880 929 Sacra
916 887 1063 941 (Iongr.
1104 885 1275 928 (joncuii
1311 884 1324 906 ²
1370 887 1601 940 rescripsit:
1646 884 1765 942 Affir-

139 959 305 1012 malive,
338 972 363 1000 α
395 956 681 1001 duellanu‘bus
714 970 938 1013 eorumque
968 956 1169 1013 patrinis,
1204 970 1255 998 ea*
1287 955 1468 1012 infamia
1490 955 1596 998 iuris
1619 972 1659 997 ».
1681 955 1768 998 Ete-
1820 980 1823 983 ι

140 1032 220 1072 nim
269 1034 355 1085 post
402 1027 779 1085 promulgationem
827 1027 990 1070 Codicis
1036 1029 1136 1070 iuris
1174 1029 1360 1070 canonici
1404 1027 1523 1069 rediit
1567 1026 1765 1068 dissensio

140 1103 245 1143 inter
277 1102 526 1151 canonistas,
562 1101 643 1141 imo
682 1100 789 1154 ipsas
825 1100 929 1141 inter
962 1101 1098 1141 curias
1137 1097 1403 1153 episcopales.
1444 1096 1582 1149 Quare
1621 1096 1769 1139 bumil-

140 1172 235 1214 lime
268 1170 320 1214 ab
353 1168 579 1214 Ordinario
615 1169 881 1213 Ratisbonen.
916 1171 1146 1225 quaesitum
1184 1171 1278 1211 t'uit:
1318 1185 1339 1208 «
1363 1169 1423 1211 An
1448 1168 1549 1212 haec
1576 1168 1767 1211 resolutio

139 1244 290 1286 Sacrae
321 1242 472 1298 Congr.
507 1240 678 1285 Concilii
728 1240 864 1284 adbuc
912 1240 1057 1283 ralcat.
1103 1239 1147 1282 Et
1184 1239 1286 1281 Emi.
1331 1241 1369 1283 S.
1403 1238 1569 1294 Congr.S
1600 1238 1768 1282 Concilii

143 1314 324 1358 Patres...
359 1313 694 1369 resfmndemlnm
730 1325 951 1355 censuere:
987 1310 1263 1368 affirmative:
1292 1326 1309 1350 ))
1339 1310 1365 1353 ³.

262 1384 357 1429 194.
393 1387 442 1430 ln
477 1385 722 1430 libertatis
754 1385 956 1429 tutelam
991 1382 1126 1439 quoad
1161 1386 1291 1424 status
1322 1381 1525 1424 clericalis
1571 1381 1631 1424 vel
1678 1381 1769 1424 reli-

141 1457 243 1511 giosi
278 1457 581 1511 susceptionem
628 1454 819 1497 conditus
862 1459 921 1498 est
964 1468 1054 1497 csta.
1098 1454 1225 1495 1²35?
1269 1452 1496 1508 partialiter
1540 1453 1722 1495 referens
1756 1452 1769 1473 ⁴

139 1525 308 1570 Concilii
344 1525 571 1568 Tridentini
603 1525 838 1568 decretum.
867 1537 899 1565 “((
924 1523 1186 1567 Anatliemati
1221 1524 1368 1567 Sancta
1394 1523 1583 1579 synodus
1606 1523 1770 1566 subiicit

141 1610 296 1651 omnes,
331 1602 369 1640 ct
402 1596 587 1653 singulas
611 1609 819 1652 personas.
854 1597 1155 1652 cuiuscumque
1189 1594 1411 1651 qualitatis,
1440 1594 1500 1636 vel
1526 1594 1772 1637 conditionis

143 1670 304 1718 tuerint,
339 1673 421 1711 tam
457 1667 646 1719 clericos,
684 1679 806 1724 quam
844 1667 982 1721 laicos,
1017 1665 1253 1709 saeculares
1290 1664 1350 1708 vel
1391 1664 1615 1721 regulares,
1649 1670 1771 1721 atque

141 1741 262 1784 etiam
297 1738 481 1796 qualibet
518 1739 720 1795 dignitate
756 1738 971 1794 fulgentes,
997 1740 1028 1780 si
1053 1737 1443 1794 ‹promodocumque
1467 1738 1677 1792 coegerint
1700 1735 1771 1778 ali-

141 1822 264 1868 quam
302 1812 521 1866 virginem,
559 1809 620 1852 vel
660 1809 844 1863 viduam,
878 1813 947 1852 aut
981 1808 1102 1851 aliam
1139 1821 1447 1865 quamcumque
1472 1807 1685 1850 mulierem
1713 1808 1770 1849 in-

146 1883 285 1936 vitam,
322 1884 612 1937 praeterquam
650 1882 687 1922 in
724 1878 889 1923 casibus
923 1892 943 1922 a
979 1881 1067 1922 iure
1101 1880 1321 1934 expressis,
1348 1877 1471 1934 (quae
1495 1877 1691 1931 clausula,
1712 1882 1770 1919 ut-

145 1957 236 2008 pote
270 1951 426 1995 inutilis
458 1953 532 1995 fuit
568 1953 605 1993 in
642 1963 800 1994 canone
835 1950 1004 2007 omissa)
1038 1950 1086 1993 ad
1125 1948 1440 2005 ingrediendum
1476 1950 1770 1991 monasterium

146 2022 207 2066 vel
243 2022 292 2066 ad
326 2023 635 2079 suscipiendum
671 2022 856 2066 habitum
891 2025 1192 2077 cuiuscumque
1227 2019 1452 2076 religionis,
1489 2018 1550 2062 vel
1585 2018 1633 2061 ad
1659 2021 1774 2062 emit-

144 2093 308 2138 tendam
346 2094 664 2149 professionem,
701 2096 856 2150 quique
890 2092 1124 2145 consilium,
1159 2090 1359 2134 auxilium
1398 2089 1459 2133 vet
1495 2090 1678 2133 savorem
1702 2090 1770 2133 de-

143 2165 302 2219 derint,
335 2166 490 2222 quique
523 2166 713 2215 scientes,
747 2177 837 2207 eam
874 2177 952 2206 non
987 2166 1132 2219 sponte
1164 2161 1325 2218 ingredi
1360 2162 1670 2215 monasterium,
1704 2166 1773 2204 aut

144 2236 329 2280 habitum
363 2238 587 2291 suscipere,
623 2240 692 2278 aut
724 2236 1019 2292 professionem
1055 2235 1258 2284 emittere,
1292 2244 1458 2289 quoquo
1493 2231 1614 2275 modo
1637 2231 1770 2275 eidem

142 2309 250 2351 actui
290 2306 352 2350 vel
399 2307 689 2363 praesentiam,
738 2305 802 2349 vel
847 2318 1107 2355 consensum,
1156 2302 1218 2346 vel
1261 2304 1549 2345 auctoritatem
1595 2303 1799 2358 interpo-'

142 2380 301 2423 suerint
324 2393 364 2419 ».

169 2501 173 2503 Α
262 2448 312 2492 Hi
346 2450 487 2492 conrei
519 2446 780 2491 solummodo
819 2447 1009 2491 «eadem
1043 2447 1213 2490 canonis
1246 2457 1374 2501 poena
1401 2449 1592 2487 tenentur
1614 2460 1635 2484 »
1665 2443 1772 2501 (can.

144 2520 291 2577 2231),
325 2520 376 2563 de
410 2518 562 2577 quibus
596 2520 634 2561 in
669 2531 758 2562 can.
795 2519 921 2572 2209,
956 2519 983 2576 ξ
1018 2518 1054 2565 1,
1104 2521 1141 2560 et
1188 2518 1433 2559 nominatim
1468 2514 1603 2573 subg
1635 2514 1658 2557 3
1697 2517 1772 2557 «si

144 2591 341 2635 delictum
375 2592 464 2633 sine
498 2602 640 2633 eorum
676 2601 800 2645 opera
835 2591 1103 2633 commissum
1140 2601 1218 2630 non
1253 2587 1456 2630 luisset».
1490 2584 1628 2629 Canon
1675 2598 1773 2627 xero

143 2665 202 2706 sic
234 2675 278 2705 se
311 2660 454 2705 habet:
487 2659 936 2704 Excommzmicatione
968 2658 1126 2702 wentini
1158 2662 1374 2700 reservata
1407 2656 1496 2714 ipso
1533 2655 1646 2714 [αθίο
1689 2656 1775 2699 effi-

144 2734 251 2785 caci3
287 2744 380 2775 nam
424 2743 600 2788 «poena
639 2731 728 2787 lege
760 2734 909 2774 statuta
945 2743 1022 2773 non
1060 2731 1301 2782 incurritur,
1332 2729 1409 2771 nisi
1433 2726 1628 2770 delictum
1653 2726 1774 2769 luerit

264 2838 276 2860 ¹
305 2837 405 2872 Sess.
435 2837 564 2880 XXV,
594 2848 663 2880 cap
708 2837 764 2871 19.
786 2835 833 2870 de
851 2835 937 2870 Res.
967 2854 1008 2859 —
1037 2835 1221 2879 29.Aug
1244 2833 1347 2868 1890.
1370 2833 1444 2858 -3
1472 2832 1515 2865 10
1533 2831 1643 2865 Febr.
1669 2830 1770 2871 1923,

146 2886 223 2920 CO.
251 2885 337 2926 XV,
368 2884 535 2920 154-156.
567 2905 609 2909 —-
635 2848 663 2906 *p
676 2883 769 2928 Cap.
793 2884 849 2923 18,
878 2881 978 2917 Sess.
1006 2881 1133 2923 XXV,
1163 2883 1220 2915 De
1238 2880 1444 2926 Regular.³
1463 2884 1503 2914 et
1520 2876 1771 2913 monialibus.
