1981 3182
509 118 592 152 Trr.
621 119 728 153 VIII.
758 140 770 144 -
796 119 853 153 De
872 122 1010 163 poenis
1037 120 1335 154 medicinalibus
1690 119 1736 153 87

109 237 204 281 :tlibi
224 237 400 281 obtinuit
424 237 574 292 locum,
599 237 823 295 disposilio
848 252 938 279 ean.
960 240 1092 289 1703,
1113 237 1179 281 ubi
1206 254 1225 278 «
1252 241 1472 281 triennium
1500 254 1519 279 ))
1542 243 1602 281 est
1626 238 1734 281 ordi-

111 310 269 352 narium
305 312 481 365 tempus,
516 308 567 352 ob
600 309 762 352 diversa
799 313 935 351 tamen
970 308 1118 351 delicta
1154 311 1261 352 actio
1315 325 1336 349 (τ,
1360 322 1440 352 uno
1473 322 1592 365 anno,
1617 312 1733 367 quiu-

108 381 302 436 quennio‚
335 379 536 422 decennio
572 381 851 435 perimitur».

790 598 975 645 sECTtO
1011 601 1054 644 ll.

592 699 670 748 De
712 698 910 762 poenis
951 697 1006 747 in
1052 698 1262 761 specie.

738 882 971 923 TITULUS
1004 887 1111 923 VIII.

372 971 435 1011 De
468 969 629 1023 poenis
662 969 1018 1011 medicinalilms
1051 981 1129 1011 seu
1165 968 1220 1010 (le
1254 969 1482 1012 censuris,

821 1126 965 1162 CAPUT
994 1127 1016 1161 Ι.

668 1205 722 1238 De
747 1204 922 1238 censuris
949 1205 987 1238 in
1012 1214 1170 1246 genere.

150 1312 234 1348 cis.
260 1309 363 1346 2241.
389 1332 404 1336 -
426 1315 445 1354 ξ
466 1310 670 1346 recasura
696 1316 746 1346 est
776 1321 883 1357 poena

103 1370 172 1405 qua
187 1359 289 1394 bomo
307 1359 512 1405 baptizatus⁷
527 1359 737 1404 delinquens
755 1363 788 1393 et
806 1369 883 1393 con-

105 1414 231 1444 tumax.
258 1406 468 1452 quibusdam
503 1406 604 1441 bonis
640 1405 882 1454 spiritualibus

106 1467 116 1484 x
127 1454 155 1489 el
170 1453 410 1499 spiritualibus
424 1453 568 1488 adnexis
586 1453 882 1499 privatur,donec‚

103 1516 118 1534 a
148 1500 368 1535 contumacia
395 1500 570 1541 recedens.
596 1500 807 1535 absolvatur.

151 1552 170 1590 g
196 1548 227 1583 2.
256 1547 444 1588 Censume,
468 1548 668 1593 praesertim
691 1547 779 1582 latae
805 1559 881 1582 sen-

105 1600 242 1636 tentiae2
261 1594 409 1630 maxime
426 1595 753 1638 excommunicatio,
772 1606 815 1630 ne
835 1595 883 1628 in-

104 1642 281 1685 fligantur,
304 1642 369 1676 nisi
389 1642 503 1678 sobrie
520 1647 553 1677 et
573 1654 698 1687 magna
719 1653 797 1677 cum
817 1643 881 1677 cir-

101 1689 372 1736 cumspectione.

149 1735 234 1772 Cas.
263 1735 367 1771 2242.
399 1757 416 1762 -
444 1740 464 1779 ς
494 1737 521 1770 l.
549 1736 705 1771 Censura
739 1737 882 1782 punitur

102 1784 344 1820 tantummodo
362 1783 528 1819 delictum
548 1788 742 1823 externum.
762 1795 878 1827 grave,

101 1836 395 1871 consummatum,
425 1842 504 1866 cum
544 1832 765 1866 contumacia
799 1842 879 1866 con-

103 1879 278 1921 {unctum
319 1883 427 1924 potest
467 1884 583 1914 autem
623 1879 700 1914 terri
733 1881 878 1914 censura

99 1926 202 1961 etiam
232 1926 266 1961 in
293 1926 538 1971 delinquentes
565 1926 712 1971 ignotos.

147 1977 167 2016 ᾗ
194 1975 225 2008 2.
255 1972 289 2009 Si
317 1978 440 2019 agatur
465 1974 507 2008 de
532 1973 690 2008 censuris
720 1973 880 2008 serendae

100 2021 306 2061 sentcntiae,
335 2026 520 2056 contumax
548 2025 598 2063 est
625 2022 696 2066 qui,
726 2032 792 2055 non
821 2021 879 2055 ob-

100 2069 274 2103 stantibus
313 2068 565 2103 monitionibus
603 2068 644 2103 de
683 2068 811 2114 quibus
844 2069 876 2102 in

99 2126 177 2150 can.
207 2115 310 2157 2233,
337 2119 356 2158 ξ
384 2116 415 2156 2,
441 2127 459 2150 a
486 2116 611 2150 delicto
643 2127 711 2151 uon
745 2116 879 2151 desistit

101 2163 150 2198 vel
172 2163 294 2209 patrati
315 2163 429 2198 delicti
453 2163 703 2209 poenitentiam
725 2174 802 2198 cum
822 2164 878 2198 de-

101 2210 169 2246 bita
196 2211 404 2245 damnorum
425 2215 457 2245 et
475 2211 630 2245 scandali
661 2211 879 2256 reparatione

98 2268 198 2302 agere
223 2258 409 2299 detrectat;
444 2258 486 2293 ad
523 2258 771 2293 incurrendam
802 2269 879 2293 vero

97 2316 280 2340 censuram
302 2305 391 2341 latae
404 2305 599 2340 sententiae
625 2306 751 2340 sufficit
770 2311 879 2341 trans-

98 2353 227 2395 gressio
266 2353 351 2398 legis
377 2352 427 2388 vel
457 2353 627 2398 praecepti
664 2353 718 2388 cui
754 2353 798 2388 sit
823 2354 878 2388 ad-

101 2405 185 2436 ne'xa
213 2400 302 2436 latae
326 2400 522 2435 sententiae
550 2411 671 2446 poena,
699 2400 765 2434 nisi
800 2412 878 2436 reus

100 2447 253 2492 legitima
278 2459 383 2483 causa
409 2447 453 2482 ab
482 2447 544 2482 bac
570 2452 764 2482 excusetur.

145 2498 163 2537 ξ
189 2494 221 2531 3.
244 2493 509 2530 Contumaciam
529 2495 672 2530 desiisse
689 2495 877 2530 dicendum

97 2546 160 2583 cst,
188 2553 267 2577 cum
303 2554 399 2577 reum
438 2553 515 2577 vere
547 2542 662 2577 delicti
700 2543 876 2577 commissi

99 2589 303 2634 poenituerit
331 2595 363 2624 et
390 2589 493 2624 simul
524 2589 596 2634 ipse
614 2600 804 2635 congruam
825 2601 878 2625 sa-

96 2636 330 2672 tisfactionem
371 2648 430 2682 pro
468 2637 608 2671 damnis
646 2642 677 2672 et
712 2637 878 2672 scandalo

96 2684 228 2719 dederit
265 2688 324 2719 aut
363 2684 484 2719 saltem
525 2685 616 2719 serio
658 2684 875 2729 promiserim

98 2731 249 2766 iudicare
274 2736 390 2767 autem
411 2735 527 2765 utrum
557 2731 771 2777 poenitentia
799 2742 879 2766 vera

96 2778 152 2815 sit.
173 2778 362 2813 satisfactio
380 2789 534 2823 congrua
552 2783 611 2813 aut
629 2778 784 2813 eiusdem
807 2789 877 2824 pro-

98 2826 215 2860 missio
248 2826 349 2867 seria,
379 2836 501 2862 necne.
532 2825 625 2860 illius
658 2830 722 2867 est,
756 2837 776 2861 a
810 2836 878 2871 quo

96 2883 263 2911 censurae
288 2873 460 2908 absolutio
490 2872 629 2918 petitur.

1005 1310 1090 1345 Cn.
1121 1309 1225 1344 2243.
1251 1331 1266 1334 -
1288 1314 1306 1351 ξ
1330 1310 1357 1344 l.
1385 1310 1560 1345 (slcnsnrae
1587 1310 1740 1345 inflictae

960 1369 1019 1403 per
1056 1358 1267 1392 sententiam
1309 1358 1520 1394 iudicialem.
1550 1358 1666 1392 statim
1701 1368 1738 1392 ac

957 1405 1046 1439 latae
1091 1405 1230 1445 suerint,
1271 1405 1527 1440 exsecutionem
1571 1406 1737 1440 secumfe-

956 1457 1050 1493 runt,
1080 1464 1140 1487 nec
1167 1452 1210 1487 ab
1237 1452 1286 1487 eis
1312 1453 1414 1487 (latur
1446 1452 1642 1498 appellatio,
1672 1453 1736 1486 nisi

957 1499 991 1533 in
1019 1500 1233 1540 devolutivm
1261 1501 1341 1534 item
1370 1511 1389 1534 a
1415 1500 1572 1534 censuris
1597 1500 1638 1534 ad
1669 1510 1737 1534 mo-

956 1547 1038 1581 dum
1069 1547 1238 1592 praecepti
1270 1547 1412 1581 iutlictis
1438 1551 1539 1583 (tatur
1564 1558 1736 1584 recursus.

956 1594 1013 1629 sed
1043 1594 1076 1628 in
1105 1595 1302 1629 devolutivo
1329 1600 1475 1629 tantum.

1003 1645 1022 1683 ξ
1050 1641 1082 1675 2.
1114 1642 1309 1688 Appellatio
1336 1653 1414 1677 vero
1445 1642 1495 1677 vel
1532 1652 1693 1676 recursus
1719 1654 1736 1676 a

956 1689 1131 1724 sententia
1165 1690 1316 1724 iudiciali
1353 1689 1402 1723 vel
1442 1694 1621 1735 praecepto
1647 1699 1737 1723 com-

957 1738 1114 1771 minante
1133 1748 1299 1771 censuras
1313 1737 1416 1771 etiam
1439 1737 1528 1772 latae
1546 1737 1740 1771 sentcntiae

957 1785 1112 1819 nondum
1134 1789 1342 1823 contractas,
1361 1796 1422 1819 ncc
1442 1784 1652 1819 seutentiam
1680 1790 1735 1818 aut

958 1837 1178 1877 pracceptum
1208 1843 1270 1867 nec
1298 1842 1464 1867 censuras
1499 1832 1735 1877 suspendunt.

955 1879 981 1913 si
1009 1885 1133 1923 agatur
1158 1879 1199 1913 de
1227 1891 1261 1914 re
1282 1879 1314 1912 in
1336 1890 1402 1924 qua
1424 1879 1475 1913 ius
1494 1890 1564 1913 non
1584 1878 1734 1913 admittit

953 1927 1224 1971 appellationem
1247 1926 1296 1961 vel
1321 1937 1497 1961 recursum
1525 1926 1629 1961 etiam
1658 1937 1735 1960 cum

953 1975 1075 2009 effectu
1104 1975 1331 2019 suspensiv0;
1365 1985 1464 2008 secus
1490 1983 1655 2008 censuras
1681 1984 1735 2007 su-

954 2022 1144 2066 spendunt,
1168 2022 1267 2056 tirma
1286 2026 1401 2055 tamen
1431 2020 1643 2065 obligatione
1669 2031 1736 2055 ser-

956 2069 1057 2103 vandi
1089 2069 1119 2102 id
1149 2070 1237 2114 quod
1267 2069 1441 2103 sententia
1468 2073 1527 2103 aut
1555 2072 1736 2113 praecepto

956 2116 1163 2156 mandatur,⁴
1187 2116 1252 2150 nisi
1282 2127 1360 2150 reus
1385 2115 1655 2161 appellationem
1685 2114 1733 2149 vel

954 2174 1131 2199 recursum
1150 2163 1395 2208 interposuerit
1412 2172 1478 2197 non
1493 2162 1595 2198 asola
1612 2173 1733 2208 poena.

953 2211 1011 2245 sed
1038 2210 1082 2245 ab
1111 2211 1185 2256 ipsa
1211 2220 1347 2256 quoque
1374 2211 1548 2245 sententia
1567 2210 1618 2245 vel
1641 2220 1735 2256 prae-

953 2263 1061 2304 cepto.

1002 2306 1085 2340 (th.
1116 2302 1220 2339 2244.
1255 2324 1270 2331 -
1307 2308 1326 2347 ἓ
1362 2304 1390 2339 l.
1430 2303 1501 2339 Non
1538 2304 1649 2339 solum
1685 2304 1735 2338 di-

953 2364 1085 2394 versae,
1106 2352 1163 2387 sed
1192 2352 1296 2387 etiam
1324 2352 1479 2387 eiusdem
1508 2351 1631 2397 speciei
1659 2362 1737 2386 cen-

952 2412 1034 2435 sura
1070 2404 1179 2446 potest
1206 2399 1241 2434 in
1274 2399 1394 2435 eodem
1430 2399 1584 2434 subiecto
1619 2399 1735 2433 multi—

954 2448 1086 2494 plicari.

1000 2499 1018 2536 ἓ
1046 2494 1078 2529 22.
1109 2493 1266 2529 Censura
1301 2493 1390 2529 latae
1423 2493 1619 2528 sententiae
1646 2492 1733 2527 mul-

952 2542 1148 2588 tiplicatur:

1028 2590 1061 2623 10
1090 2588 1124 2623 Si
1152 2588 1289 2623 diversa
1315 2587 1454 2624 delicta.
1484 2598 1632 2633 quorum
1662 2586 1731 2620 sin-

951 2637 1031 2681 gula
1059 2646 1243 2671 censuram
1264 2635 1514 2675 secumferunt,
1533 2634 1652 2669 eadem
1681 2634 1730 2669 vel

951 2683 1117 2719 distincta
1144 2683 1281 2718 actione
1307 2683 1591 2722 committantur;

1023 2732 1061 2764 2‘0
1089 2729 1123 2765 Si
1153 2730 1243 2765 idem
1280 2729 1459 2769 delictum,
1488 2739 1636 2763 censura
1672 2739 1731 2773 pu-

951 2778 1078 2817 nitum,
1108 2777 1236 2822 pluries
1271 2781 1448 2822 repetatur
1478 2776 1526 2811 ita
1561 2781 1595 2810 ut
1634 2774 1731 2821 plura

951 2826 1023 2859 sint
1049 2825 1174 2859 delicta
1200 2824 1385 2865 distincta;

1023 2871 1061 2906 3Ο
1089 2871 1123 2906 Si
1151 2871 1330 2912 delictum,
1356 2870 1503 2906 diversis
1529 2869 1687 2905 censuris
1713 2880 1731 2902 a
