1981 3182
95 15 98 17 ι
247 0 477 19 nstr'wflva'-
528 1 534 7 -

0 0 73 79 ’.χ’

0 55 44 86 [ια’
314 70 315 75 ’

0 86 18 105 Ἴ.

102 128 199 165 Gan.
225 127 320 163 2219
509 128 592 163 Trr.
618 128 684 163 IV.
711 148 723 153 —
749 128 807 163 De
825 139 1048 172 poenarum
1075 130 1230 162 notione
1255 130 1324 162 etc.
1687 125 1732 158 55

104 252 275 306 eoeeeplo
308 261 408 290 casu
441 247 746 305 appellationis
785 249 949 303 proprie
992 247 1141 301 dictae,
1177 247 1432 303 proindeque
1480 258 1500 288 a
1550 243 1732 288 iudiciali

77 321 323 373 sententia,
361 319 526 375 quando
560 318 604 360 in
637 317 880 375 suspensivo
914 317 1062 360 effectu
1096 317 1317 373 appellatio
1350 316 1501 359 alliciat
1535 317 1648 358 iuxta
1679 328 1732 358 ss.

106 388 191 432 Lib.
226 387 278 431 lV
307 401 487 432 canones
520 391 783 432 sententiam.

223 457 325 503 Cum
358 473 410 502 ss.
444 472 623 503 canones
655 461 733 501 sint
768 459 1068 515 interpretandi
1104 458 1416 511 rationabiliter,
1450 471 1500 500 ne
1533 457 1731 500 absonum

103 530 205 588 quid
239 534 449 587 sequatur,
488 529 595 572 unde
631 530 795 585 prossuit
841 528 983 584 regula
1028 531 1151 571 iuris:
1192 528 1310 572 «Ubi
1346 529 1489 571 eadem
1524 533 1585 570 est
1619 530 1735 575 ratio,

104 601 251 644 eadem
287 599 411 643 debet
444 613 532 643 esse
567 599 669 655 legis
702 599 979 655 dispositio»,
1012 604 1137 656 atque
1175 615 1197 639 «
1220 599 1270 641 de
1304 598 1509 642 similibus
1543 598 1650 642 idem
1677 603 1733 641 est

107 672 309 715 iudicium
331 686 372 726 »,
406 670 551 714 fallunt
584 670 661 713 bae
696 669 864 726 regulae
899 673 936 712 in
974 673 1143 713 materia
1181 669 1356 726 poenali,
1380 670 1559 727 eoquod
1592 668 1735 713 «Odia

107 744 301 798 restringi
335 743 574 784 convenit»
614 743 726 783 iuxta
763 754 847 796 reg.
884 743 984 783 iuris
1013 742 1062 783 15
1093 743 1130 783 in
1158 741 1214 783 (50.
1248 742 1313 783 Sic
1347 742 1454 783 enim
1492 740 1738 796 legislatoris

108 812 363 856 voluntatem
399 812 541 868 pandit
573 814 597 865 ἓ
628 813 671 855 3.
697 810 786 856 Non
823 811 920 854 lieet
953 813 1164 867 Superiori
1201 824 1247 854 ac
1283 811 1407 854 iudici
1442 810 1738 864 ecclesiastico,

104 888 146 926 et
178 887 481 940 consequenter
504 881 735 925 abstineant
760 887 1122 937 commentatores,
1145 896 1322 938 poenam
1346 881 1573 938 quamlibet
1608 880 1738 923 eccle-

106 956 314 997 siasticam
351 953 441 1009 lege
473 958 667 996 statutam
703 952 744 1005 a)
777 952 827 995 (le
857 966 1039 1010 persona
1077 952 1128 996 ibi
1175 957 1288 995 certo
1332 964 1527 1008 expressa
1561 951 1615 994 acl
1645 964 1739 1008 pei·-

104 1037 256 1068 sonam
279 1023 403 1067 dubie
427 1028 497 1066 aut
520 1029 632 1067 certo
658 1037 735 1066 non
761 1024 1121 1079 comprehensam,
1150 1022 1190 1079 n)
1229 1022 1288 1065 rel
1311 1022 1361 1065 de
1385 1036 1483 1064 eosic
1510 1036 1581 1078 per
1607 1021 1737 1077 legem

108 1095 321 1152 poenalem
357 1100 468 1138 certe
503 1095 700 1138 mulctato
734 1094 790 1137 ad
821 1109 961 1137 casum
990 1094 1115 1137 dubie
1138 1099 1207 1137 aut
1232 1098 1344 1137 certo
1379 1093 1615 1136 exsolusum
1644 1106 1741 1150 pro-

105 1165 259 1210 ducere
283 1168 622 1222 interpretatione
646 1168 877 1218 extensixa,
902 1165 1091 1222 quamvis
1122 1179 1205 1222 por
1229 1164 1341 1207 adsit
1367 1165 1478 1207 ratio
1504 1166 1541 1206 in
1569 1169 1742 1220 utraque

110 1249 281 1293 persona
320 1236 383 1279 vel
407 1249 520 1290 casu,
540 1241 707 1293 propter
730 1250 853 1293 quain
882 1238 1038 1292 punitio
1063 1238 1315 1290 exigeretur,
1336 1235 1417 1278 imo
1439 1235 1616 1291 {sian-ior
1640 1237 1742 1277 ratio

110 1308 176 1352 illa
200 1308 537 1364 deprehendatur
561 1310 598 1351 in
627 1310 929 1364 praetermissis
954 1321 1025 1363 per
1051 1306 1181 1363 legem
1209 1321 1305 1349 casu
1331 1312 1397 1349 aut
1425 1319 1610 1362 persona.
1638 1305 1742 1349 Hinc

110 1393 186 1423 nec
219 1381 257 1421 in
291 1381 502 1428 connexis,
539 1393 613 1422 nec
649 1381 685 1421 in
721 1381 1014 1436 aequiparatis,
1052 1392 1125 1421 nec
1163 1380 1199 1420 in
1235 1377 1512 1430 correlatixis,
1540 1377 1646 1419 valet
1671 1391 1739 1419 ex-

111 1452 269 1494 tensira
295 1450 397 1506 legis
421 1450 605 1506 poenalis
630 1452 925 1506 interpretatio.
953 1450 1324 1492 Animadvertatur
1351 1463 1448 1492 xero
1475 1449 1607 1491 tinalis
1630 1448 1741 1492 clau-

108 1520 221 1564 sula:
257 1520 373 1564 salvo
409 1526 546 1563 {avilen
599 1521 692 1564 huic
741 1523 886 1564 canoni
937 1523 1145 1564 contrario
1176 1521 1442 1578 praescripto
1477 1534 1567 1561 can.
1602 1521 1736 1565 2:231,

107 1592 220 1649 quod
258 1591 519 1648 hypothesin]
555 1592 789 1635 considerat
818 1594 889 1634 «si
927 1592 1064 1648 plures
1097 1593 1146 1634 ad
1182 1591 1378 1635 delictum
1418 1591 1739 1646 perpetrandum

108 1665 461 1706 concurrerint».
497 1664 631 1720 Atque
679 1663 797 1706 valde
842 1665 993 1719 ligatur
1032 1666 1258 1706 memoriae
1292 1665 1481 1718 exceptio
1517 1663 1742 1719 praedicta.

231 1733 424 1777 Rationes
459 1736 700 1790 praescripti
725 1734 802 1777 sul)
828 1734 902 1777 lioc
936 1734 975 1789 §⁰
1010 1735 1229 1777 desumere
1255 1748 1472 1790 possumus
1495 1733 1630 1789 (pioad
1660 1747 1745 1789 per-

107 1817 232 1847 sonas
265 1818 313 1847 ex
351 1804 649 1859 Decretalibus,
687 1810 770 1848 tum
812 1805 1029 1849 Coeles-tini
1067 1805 1114 1847 lll
1150 1807 1297 1848 aientis
1323 1805 1360 1849 ¹:
1400 1821 1417 1845 «
1444 1818 1536 1847 cuni
1575 1809 1740 1860 peccata

108 1889 206 1918 suos
238 1880 428 1919 auctores
463 1881 603 1919 tenere
637 1876 828 1930 debeant,
865 1890 938 1919 nec
974 1890 1102 1933 poena
1146 1879 1195 1919 sit
1243 1876 1414 1919 ulterius
1450 1875 1742 1931 protrahenda,

109 1958 233 2002 quam
270 1945 465 1989 delictum
501 1948 621 1990 suerit
658 1949 694 1989 in
731 1947 959 1990 excedente
996 1953 1269 2003 repertum»,
1306 1952 1389 1989 tuni
1428 1946 1622 1989 Bonit'acii
1658 1944 1740 1986 Vlll

108 2019 326 2060 statuentis
350 2018 387 2060 ²:
418 2033 437 2057 «
461 2018 500 2061 Si
526 2021 928 2074 compromissarius,
956 2021 992 2060 in
1019 2032 1140 2075 quein
1177 2018 1373 2061 defuncto
1398 2020 1592 2072 episcopo
1617 2021 1744 2059 trans-

110 2088 241 2130 fertur
272 2087 450 2144 eligendi
487 2092 680 2145 potestas,
715 2089 898 2145 ...eligat,
931 2089 1001 2132 sed
1040 2089 1277 2144 indignum:
1315 2094 1410 2131 tunc
1444 2091 1533 2130 sixe
1566 2090 1745 2130 scienter

112 2158 150 2201 id
188 2160 331 2202 fecerit
365 2159 478 2215 (cum
513 2159 632 2203 dolus
666 2162 793 2216 ipsius
818 2163 889 2213 eis,
914 2163 983 2217 qui
1019 2174 1096 2202 non
1132 2165 1225 2202 sunt
1262 2162 1298 2202 in
1329 2160 1467 2214 culpa,
1493 2172 1569 2200 non
1596 2158 1743 2201 debeat

112 2229 327 2287 imputari)
362 2233 451 2273 sive
485 2233 608 2273 etiam
646 2233 928 2287 ignoranter...
963 2230 1143 2286 eligendi
1182 2234 1403 2286 potestas...
1441 2229 1569 2271 libere
1606 2241 1743 2270 rex-er-

111 2302 212 2342 titur
244 2301 293 2343 ad
329 2301 561 2344 eosdem».
596 2302 739 2354 Quoad
789 2315 909 2344 casus
961 2315 1058 2344 xero
1108 2301 1208 2344 baec
1249 2297 1519 2343 inxeniuntur
1554 2302 1590 2342 in
1628 2299 1767 2344 lnstr.¹

111 2371 150 2415 S.
185 2370 334 2428 Congr.
368 2373 418 2415 de
455 2372 493 2415 P.
529 2372 568 2416 F.
595 2374 631 2414 ³:
673 2388 692 2414 «
717 2387 846 2429 poena
887 2375 1333 2416 excomnitiuicationis
1366 2372 1481 2415 lutae
1513 2370 1747 2413 sententiae

111 2446 255 2485 contra
290 2443 456 2500 aliquod
490 2444 753 2500 designatum
779 2447 936 2487 crimen
974 2447 1010 2486 in
1048 2444 1301 2499 particulari.
1329 2457 1406 2486 non
1433 2442 1671 2486 extenditur
1694 2441 1743 2484 ad

110 2512 239 2567 aliud,
273 2516 466 2570 ‹plauit-is
498 2515 684 2557 eiusdem
719 2517 886 2570 speciei,
922 2520 1006 2557 tum
1042 2516 1136 2572 quia
1174 2514 1232 2557 lex
1274 2514 1450 2557 liuinana
1486 2527 1564 2555 non
1590 2512 1745 2567 obligat

114 2596 188 2626 nee
222 2590 417 2640 operatur
453 2584 556 2627 ultra
592 2587 862 2628 intentionem
900 2584 1146 2641 legislatoris
1187 2584 1326 2628 vei-bis
1369 2597 1622 2640 expressam,
1659 2588 1743 2625 tum

234 2714 243 2735 ¹
272 2712 363 2757 Cap.
393 2714 429 2755 ⁶2,
458 2713 523 2746 tit.
554 2713 624 2755 XI,
651 2713 737 2747 Lib.
767 2714 839 2754 ΙΙΙ,
865 2714 914 2748 X.
945 2734 987 2739 —
1021 2714 1034 2735 '2
1061 2713 1152 2758 Cap.
1182 2713 1241 2751 37,
1270 2712 1333 2746 tit.
1363 2725 1381 2744 «ι
1401 2712 1446 2745 de
1481 2712 1673 2745 electione
1709 2714 1748 2744 et:

111 2760 231 2841 {lengi
257 2766 455 2841 figtsstasse
476 2776 513 2841 ›I‚l
539 2761 649 2843 29³3ss
677 2764 725 2797 6⁰.
751 2782 796 2786 ——
822 2762 836 2783 3
862 2763 883 2794 2
910 2761 984 2795 1111.
1018 2761 1106 2795 1827
1136 2761 1192 2805 (C.
1224 2760 1266 2794 P.
1287 2771 1356 2804 pro
1376 2761 1470 2801 Sin.)
1499 2759 1748 2793 Collectanea
