1981 3182
168 145 263 181 Can.
290 144 492 179 2196-2197
547 145 632 179 Trr.
664 146 693 179 Ι.
723 165 735 171 -
761 145 818 180 De
845 149 990 179 natura
1017 148 1052 179 et
1076 147 1267 179 divisione
1292 146 1422 180 delicti
1776 144 1797 178 ’ἶ

173 277 210 307 v.
230 277 290 320 gr.
317 263 460 306 morali
486 269 571 307 tum
596 264 779 308 scandali
805 270 889 324 tum
915 264 1151 306 detrimenti
1178 264 1308 306 bonae
1333 264 1480 316 t'amae,
1500 268 1570 306 aut
1593 262 1795 306 materiali

167 334 279 392 quod
314 326 417 377 bona
453 335 707 391 temporalia,
732 334 855 377 illato
881 347 952 390 per
976 334 1173 392 delictum
1197 334 1371 390 singulis
1407 334 1655 390 patientibus
1679 334 1794 388 illud,

172 404 237 448 vel
274 419 295 445 ((
317 404 611 448 Communitati
635 421 657 446 »
695 405 1015 456 ecclesiasticae,
1040 408 1234 461 quamvis
1268 406 1544 459 imperfectae.
1572 404 1659 448 Hoc
1686 406 1795 448 enim

167 475 367 519 damnum
404 478 531 531 partis
564 480 624 519 est
657 488 822 533 quoqne
855 475 1053 517 damnum
1080 474 1173 518 boni
1198 478 1444 518 communis.
1482 474 1595 519 Unde
1629 477 1795 518 unicum

168 534 227 589 ex·
255 546 470 589 elementis
501 546 638 590 delicti
674 545 892 589 obiectivis
928 547 1103 601 pertinet
1142 546 1191 587 ad
1237 545 1491 602 qualitatem,
1527 546 1624 588 dum
1659 547 1796 588 omnia

167 617 289 660 simul
325 621 579 660 concurrunt
611 616 660 659 ad
696 616 834 659 delicti
869 618 1132 672 gravitatem.
1170 615 1280 659 Haec
1314 617 1372 659 sie
1406 619 1606 659 recensita
1634 618 1797 659 fuerunt

171 691 208 731 in
243 688 320 733 loe.
355 691 446 733 cit.:
487 689 570 731 «9.
604 686 797 731 Gravitas
830 687 968 730 delicti
1003 687 1259 730 desumenda
1294 693 1353 730 est
1378 701 1455 730 non
1482 693 1638 731 tantum
1664 701 1685 730 a
1709 701 1798 743 gra-

172 751 297 802 vitate
331 759 432 815 legis
467 758 656 813 violatae,
691 759 761 801 sed
797 761 919 801 etiam
956 771 976 800 a
1011 761 1217 814 gravitate
1243 771 1398 814 poenae
1422 771 1443 801 a
1478 758 1567 814 lege
1601 762 1796 812 sancitae7

168 842 191 872 a
224 833 428 886 gravitate
461 828 557 881 doti,
593 834 631 872 et
664 842 685 872 a
718 832 925 885 gravitate
959 829 1113 877 damni,
1137 832 1226 872 sive
1253 829 1418 872 moralis
1451 821 1540 872 sive
1576 829 1799 872 materialis

166 898 461 944 Communitati
497 899 596 942 illati
622 916 659 942 )).

286 972 325 1013 9.
347 973 586 1017 Delictum
611 974 868 1024 occultum,
887 974 1133 1029 publicum
1158 976 1206 1018 et
1230 974 1473 1017 notorium
1497 976 1591 1014 sunt
1612 971 1798 1015 membra

165 1041 338 1084 alterius
370 1042 602 1094 divisionis,
635 1056 741 1099 quae
776 1044 1013 1099 frequenter
1048 1045 1318 1085 inveniuntur
1343 1046 1380 1085 in
1406 1042 1586 1086 fontibus
1612 1045 1711 1085 iuris
1734 1056 1798 1085 ro-

165 1105 407 1168 gnoseendi‚
445 1112 659 1156 videlicet:
696 1118 781 1155 tum
818 1115 855 1155 in
894 1113 1191 1167 l)c‹·,retalil)us,
1228 1119 1311 1156 tum
1345 1116 1381 1156 in
1407 1113 1545 1157 Conc.i
1570 1112 1798 1156 Tridentini

169 1181 366 1234 Decretis,
401 1189 485 1225 tum
522 1186 559 1225 in
595 1183 685 1226 aliis
718 1186 756 1227 5.
791 1184 908 1226 Sedis
942 1184 1217 1226 documentis.
1256 1183 1370 1226 Hanc
1403 1184 1651 1226 divisionem
1678 1196 1797 1226 accu-

169 1257 254 1296 rate
287 1256 457 1309 exponit
490 1253 765 1310 stabilemque
798 1257 937 1296 statuit
973 1269 1062 1296 mn.
1096 1257 1230 1296 3197.
1258 1280 1308 1284 —
1340 1253 1557 1304 Delicium,
1585 1258 1705 1310 prout
1730 1254 1798 1297 de-

166 1323 369 1367 claratum
406 1329 541 1385 manet
576 1325 625 1367 ad
662 1338 750 1368 can
790 1325 915 1377 2195,
950 1326 977 1382 ς’
1014 1326 1048 1375 1,
1083 1331 1169 1368 est:

286 1396 347 1439 I.⁰
385 1394 614 1446 publicum,
651 1399 807 1439 ratione
852 1398 978 1451 igitur
1016 1398 1265 1452 cognitionis
1303 1397 1410 1452 apud
1454 1399 1793 1439 communitatem

168 1468 369 1509 minorem
407 1466 469 1509 vel
496 1468 708 1515 maiorem,
738 1481 773 1510 v.
799 1482 860 1522 gr.
885 1473 1153 1516 conventum,
1177 1467 1390 1523 oppidum,
1418 1470 1666 1523 paroeciam,
1691 1467 1799 1509 dioe-

165 1538 309 1590 cesim,
341 1538 382 1593 a)
414 1537 451 1579 si
484 1537 567 1579 iam
601 1536 862 1599 ‹lirul-(salutii
898 1543 971 1593 esi,
1009 1552 1174 1594 nempe:
1211 1538 1318 1594 apud
1356 1538 1464 1580 illius
1501 1540 1698 1581 maiorem
1734 1539 1794 1581 vel

165 1606 311 1650 saltem
351 1621 446 1650 rere
481 1607 702 1650 notabilem
747 1608 920 1650 relative
967 1613 1137 1663 partem,
1175 1608 1197 1651 l)
1250 1614 1323 1650 aiil
1358 1608 1512 1650 talibus
1548 1611 1585 1650 in
1621 1611 1799 1651 circum-

163 1680 325 1721 stantiis
357 1678 532 1735 conliyil
566 1679 678 1725 iltuit,
715 1683 752 1728 cl
784 1693 856 1721 sei(
892 1692 999 1721 nunc
1035 1682 1232 1735 temporis
1268 1685 1461 1721 rersalm·
1496 1679 1535 1721 iii
1571 1678 1800 1730 intimetis,

166 1754 252 1792 tum
286 1749 450 1806 quando
485 1752 769 1792 continuatum
805 1755 877 1797 cst,
915 1756 998 1793 tum
1034 1751 1200 1807 ‹piando
1235 1752 1284 1793 ad
1321 1764 1463 1793 corum
1492 1753 1676 1793 notitiam
1715 1764 1799 1801 per-

169 1821 291 1864 venit.
325 1822 393 1877 qui
428 1819 480 1864 ol)
512 1834 655 1863 eorum
691 1821 911 1878 qualitates
948 1821 1008 1863 vel
1049 1821 1303 1864 voluntatem
1338 1822 1387 1864 ad
1414 1827 1574 1865 ceteros
1599 1822 1707 1865 illam
1735 1836 1797 1865 re-

165 1891 308 1945 ferent,
344 1896 427 1933 tum
463 1891 515 1934 ol)
549 1891 688 1935 delicti
723 1892 915 1948 sequelas
961 1895 997 1934 in
1043 1895 1131 1935 cius
1167 1895 1351 1935 notitiam
1388 1894 1602 1947 ducentes,
1636 1906 1802 1949 semper

163 1973 212 2004 ae
245 1961 452 2005 declarata
486 1963 680 2005 adiuncta
722 1965 801 2005 sint
842 1963 1094 2016 huiusmodi,
1130 1969 1172 2005 iel
1204 1967 1449 2020 prudenter,
1485 1964 1619 2021 quoad
1644 1966 1801 2020 praevi-

163 2033 322 2075 sionem
357 2034 394 2074 in
429 2031 647 2089 hypothesi
677 2033 874 2075 alterutra
915 2033 991 2076 sul)
1028 2033 1172 2076 litteris
1209 2033 1250 2090 li)
1284 2040 1321 2077 et
1357 2034 1411 2090 c),
1449 2033 1634 2077 iudicari
1666 2034 1799 2092 possit

161 2102 391 2146 secundum
427 2102 641 2146 hominum
679 2107 783 2146 inter
806 2118 910 2161 quos
944 2104 1008 2147 illa
1048 2110 1278 2150 versantur,
1309 2105 1368 2148 rel
1404 2105 1497 2148 talia
1522 2108 1798 2162 contigerunt.

166 2186 301 2216 mores
315 2178 353 2216 el
371 2173 582 2217 debeatob
603 2174 765 2217 illarum
787 2177 1194 2217 circuinstantiarum
1216 2175 1276 2218 vel
1294 2176 1582 2219 adiunctorum
1606 2182 1797 2233 tanquam

166 2246 371 2287 rationum
409 2245 569 2301 pondus
601 2245 730 2302 focile
763 2246 1021 2302 proindeque
1067 2246 1183 2289 brevi
1227 2251 1412 2302 tempore
1446 2246 1708 2304 (li'ritlyalwti
1743 2247 1801 2290 iri

166 2315 287 2357 modo
321 2316 370 2358 ad
407 2316 582 2359 litteram
619 2320 660 2368 a)
694 2317 918 2360 declarato.
961 2316 1076 2361 Unde
1120 2331 1199 2374 qua
1242 2316 1451 2374 publicum
1492 2318 1691 2362 delictum
1740 2323 1800 2362 est

166 2387 253 2428 iure
288 2385 523 2430 habendum
559 2401 636 2429 non
672 2387 804 2430 solum
839 2402 887 2430 ex
924 2388 1209 2443 divulgatione
1244 2389 1294 2432 de
1330 2391 1449 2442 sacto,
1468 2390 1538 2432 sed
1574 2403 1623 2432 ex
1659 2389 1797 2432 divul-

163 2458 329 2511 gatione
363 2457 481 2500 facile
516 2460 652 2501 lutura
696 2459 925 2501 secundum
962 2460 1143 2515 prudens
1179 2460 1394 2503 iudicium.
1430 2485 1484 2491 —
1522 2460 1722 2503 Delictum
1760 2463 1797 2503 in

143 2529 299 2583 *seipso
333 2529 621 2572 consideratur
669 2529 746 2573 sul)
796 2530 871 2573 lioc
921 2543 1080 2574 canone
1116 2533 1183 2581 ita,
1219 2536 1259 2573 ut
1295 2545 1372 2574 non
1408 2531 1552 2587 obstet,
1589 2534 1621 2574 si
1656 2537 1800 2575 auctor

168 2599 296 2653 ipsius
329 2599 467 2642 delicti
502 2603 552 2642 sit
588 2603 763 2657 ignotus.

284 2668 342 2711 Eo
391 2671 499 2726 quod
549 2673 733 2714 societati
785 2686 862 2728 qua
911 2673 994 2726 tali,
1029 2677 1200 2730 eiusque
1235 2673 1424 2730 publicae
1458 2677 1692 2718 auctoritati
1728 2689 1799 2731 pro

165 2739 274 2782 illius
308 2742 509 2796 regimine
542 2742 692 2784 adsunt
727 2743 862 2786 media
900 2746 987 2787 iure
1036 2745 1087 2788 al)
1136 2745 1327 2788 omnibus
1372 2746 1568 2799 admissa,
1604 2750 1645 2789 ut
1679 2748 1797 2799 sacta,

162 2824 269 2867 quae
306 2813 507 2855 intersunt
539 2816 760 2868 societatis,
787 2816 1044 2859 Innoteseant
1068 2817 1223 2870 eidem,
1246 2817 1368 2859 datur
1400 2817 1463 2859 30
1487 2816 1709 2861 Noloriicm
1732 2831 1801 2860 oio-

165 2881 364 2925 lori'etule
398 2883 517 2937 iuris,
553 2884 767 2940 quod.non
792 2899 956 2942 semper
978 2890 1172 2943 supponit
1198 2887 1481 2942 publicitatem
1515 2901 1640 2944 supra
1674 2901 1797 2944 expo-
