1981 3182
115 125 207 162 Can.
234 127 438 163 2327-2328
488 129 572 163 Trr.
597 129 688 164 XII.
710 150 721 156 -
742 130 800 165 De
816 132 966 166 delictis
983 135 1118 166 contra
1136 135 1362 177 religionem
1670 137 1739 171 ‘217

113 259 186 302 pro
219 245 495 303 eleemosynis
530 248 733 291 faciendis
765 248 1043 305 indulgentias
1066 251 1175 294 facit.
1201 277 1252 282 ——
1277 251 1536 308 Temporalia
1559 256 1666 297 enim
1693 255 1741 297 ad

111 316 341 373 spiritualia
376 318 634 372 ordinantur,
672 321 766 376 quia
803 326 969 376 propter
1001 321 1228 376 spiritualia
1263 322 1462 366 debemus
1495 326 1552 366 uti
1586 329 1743 380 tempo-

113 387 280 430 ralibus.
315 386 364 430 Et
399 388 489 431 ideo
524 402 596 445 pro
633 389 932 446 temporalibus
963 391 1207 446 simpliciter
1245 405 1323 435 non
1359 398 1489 449 potest
1529 395 1617 437 lieri
1653 395 1741 451 (seu

111 457 303 515 concedi)
324 458 593 515 indulgentia,
627 460 697 503 sed
736 474 808 516 pro
844 460 1142 517 temporalibus
1176 463 1374 506 ordinatis
1407 464 1455 507 ad
1490 466 1740 520 spiritualia3

111 530 217 571 sicut
249 533 308 571 est
342 532 547 585 repressio
582 532 847 573 inimicorum
883 530 1107 579 Ecclesiae,
1133 534 1201 589 qui
1236 545 1378 589 pacem
1414 533 1622 578 Ecclesiae
1658 549 1744 591 pei·-

114 597 302 652 turbant3
339 598 402 642 vel
437 601 543 643 sicut
578 602 831 643 constructio
864 600 1161 655 Ecclesiarum,
1186 607 1223 645 et
1258 602 1430 646 aliarum
1466 604 1744 662 eleemosyna-

115 682 205 712 rum
240 670 417 726 largitio,
451 669 500 713 Et
536 684 607 726 per
640 670 719 714 hoc
754 676 862 727 patet
897 671 1006 728 quod
1040 685 1120 714 non
1155 675 1203 715 sit
1239 673 1292 716 ibi
1326 676 1515 728 simonia,
1535 677 1628 731 quia
1663 689 1741 718 non

113 739 236 783 (latur
267 741 482 797 spirituale
518 755 590 798 pro
624 741 857 798 temporali,
881 742 952 785 sed
979 756 1053 798 pro
1075 743 1277 799 spirituali
1303 760 1343 786 ›>.
1367 743 1422 787 lta
1452 748 1495 788 [i.
1520 745 1695 789 Thomas
1715 747 1741 790 ¹.

117 811 243 867 lgitur
266 812 465 868 praedicti
491 826 563 869 per
587 825 787 856 canonem
811 811 1056 868 plectuntur
1090 813 1178 871 ipso
1209 813 1324 873 facto
1358 821 1552 871 quaestus
1584 831 1742 860 esconi-

114 882 398 926 mzmiealione
441 882 541 927 Sedi
585 882 853 941 Apostolieae
896 884 1148 941 simpliciter
1190 892 1420 939 reservata»,
1453 900 1559 944 quae
1593 890 1741 931 inserta

115 954 186 996 suit
220 954 438 997 undecima
476 956 514 997 in
549 959 675 997 const.
715 970 733 994 «
761 954 1024 1010 Apostolicae
1057 956 1174 999 Sedis
1202 972 1221 997 ))
1262 956 1317 999 Pii
1352 956 1421 1010 tx,
1454 958 1524 1000 sed
1570 961 1744 1001 omissae

113 1029 206 1067 sunt
239 1024 472 1068 clausulae:
499 1041 521 1066 «
546 1030 628 1068 tum
655 1039 703 1068 ex
732 1025 823 1068 aliis
846 1028 990 1081 gratiis
1013 1026 1297 1082 spiritualibus
1319 1043 1359 1081 ³),
1381 1032 1464 1071 tum
1489 1031 1558 1083 qui
1583 1042 1745 1072 excom-

116 1097 405 1138 municationis
437 1108 612 1139 censura
649 1095 884 1151 plectuntur
919 1098 956 1139 in
992 1101 1119 1142 const.
1156 1097 1212 1140 Pii
1248 1096 1280 1139 V
1319 1098 1489 1152 «Quam
1529 1098 1692 1154 plenum
1722 1116 1739 1139 ))

115 1166 137 1208 2
172 1165 254 1209 lan.
293 1167 416 1220 1569,
454 1166 680 1210 videlicet:
719 1183 740 1207 «
764 1166 978 1223 Episcopis
1012 1169 1290 1219 inferiores»,
1327 1174 1543 1226 propterea
1581 1169 1744 1213 Codicis

113 1239 585 1280 excommunicationem
622 1237 811 1294 Episcopi
846 1251 1011 1295 quoque
1045 1251 1123 1281 non
1159 1239 1373 1295 effugiunt.

233 1308 329 1352 167.
371 1310 555 1355 Contra
605 1310 876 1355 violatores
925 1312 1221 1355 cadaverum
1270 1312 1346 1356 vel
1395 1312 1744 1367 sepulcrorum,

114 1380 209 1435 quia
254 1378 355 1422 baec
400 1378 524 1422 rebus
567 1382 696 1422 sacris
740 1385 1026 1430 accensentur,
1062 1382 1235 1437 insurgit
1279 1383 1501 1424 auctoritas
1536 1381 1745 1424 Ecclesiae

115 1451 316 1504 coactiva,
349 1451 470 1493 sicuti
505 1463 593 1493 mos
626 1453 714 1493 eius
749 1452 821 1493 l'uit
855 1463 1051 1506 expressa
1087 1453 1124 1493 in
1163 1453 1291 1494 veteri
1330 1453 1431 1494 iure.
1472 1450 1570 1494 Can.
1603 1453 1743 1495 2398.

119 1517 201 1572 Qui
234 1518 443 1563 Ecclesiae
485 1519 677 1564 subditur
718 1526 755 1564 et
792 1520 999 1575 cadavera
1047 1521 1106 1564 cel
1140 1521 1332 1579 sepulcra
1383 1527 1639 1565 morluormn
1690 1522 1742 1565 ibi

114 1591 375 1634 conditorum
404 1592 442 1646 a)
467 1590 523 1634 ad
548 1591 710 1649 furtum
737 1596 894 1635 tantum
921 1606 969 1634 ex
996 1593 1221 1635 intentione
1246 1592 1560 1649 perficiendum,
1584 1595 1743 1635 etiamsi

116 1661 191 1704 lioc
225 1662 459 1708 frustretur.
484 1665 579 1718 quia
614 1661 807 1705 subditur
840 1662 903 1705 rel
935 1662 1066 1705 alium
1103 1662 1257 1705 malum
1290 1663 1408 1719 finem
1444 1664 1578 1721 quoad
1614 1666 1743 1706 inten-

114 1733 266 1776 tionem
302 1731 343 1788 b)
378 1731 599 1775 ciolarerit
638 1733 688 1776 de
730 1734 849 1785 sacto,
886 1734 1013 1776 idest:
1058 1736 1339 1777 irreverenter
1382 1748 1454 1790 pro
1498 1736 1556 1777 rei
1599 1739 1743 1777 natura

114 1805 368 1857 tractaverit,
391 1816 426 1845 v.
452 1816 511 1859 gr.
541 1803 642 1847 baec
677 1804 949 1860 effringendo,
984 1804 1051 1848 illa
1088 1804 1354 1848 exliuinando
1387 1804 1652 1859 clandestine,
1682 1804 1742 1847 rel

116 1871 220 1916 male
248 1873 498 1927 tractando,
533 1873 574 1930 a)
612 1873 836 1918 interdicto
882 1876 1114 1933 personali,
1148 1878 1266 1918 cuius
1313 1876 1482 1919 effectus
1530 1879 1745 1918 enumerat

112 1955 202 1988 can.
239 1943 367 1998 2275,
397 1944 619 2002 puniatur,
654 1958 761 2003 quae
796 1959 940 2002 poena,
975 1948 1168 2004 quamvis
1201 1946 1393 1989 terendae
1425 1947 1664 2000 sententiae,
1691 1948 1744 1987 in-

115 2013 323 2070 telligatur
355 2014 406 2058 de
440 2028 615 2059 censura
649 2016 698 2059 ad
732 2017 1070 2060 satisfaciendum
1098 2017 1459 2074 reparandumque
1487 2016 1742 2070 scandalum,

115 2097 208 2128 nam
243 2088 299 2129 uti
336 2098 467 2142 poena
503 2086 757 2130 vindicativa
801 2087 971 2131 deberet
1011 2090 1272 2144 interpretari
1307 2089 1359 2131 de
1396 2103 1418 2127 «
1441 2087 1660 2130 interdicto
1693 2086 1743 2129 ab

115 2158 302 2213 ingressu
336 2156 537 2201 ecclesiae
560 2173 582 2198 ›>
605 2158 654 2201 ad
690 2171 878 2202 normam
912 2171 1002 2201 can.
1040 2158 1167 2212 2291,
1193 2158 1250 2212 2⁰,
1273 2158 1343 2201 sed
1379 2157 1650 2214 praeferenda
1685 2162 1742 2200 est

115 2228 226 2283 prior
260 2229 558 2284 interpretatio,
592 2242 685 2271 nam
727 2245 746 2269 «
771 2232 808 2272 in
844 2229 970 2273 dubio
1005 2234 1326 2286 praesumuntur
1358 2241 1600 2272 censurae»
1634 2228 1743 2285 (can.

115 2297 241 2353 2255,
268 2297 325 2355 2),
360 2298 671 2356 notandumque
704 2305 763 2343 est
796 2301 905 2358 quod
931 2300 1041 2343 «lex
1076 2304 1216 2343 utatur
1251 2298 1388 2343 verbis
1420 2301 1695 2356 praeceptivis
1718 2314 1738 2339 ›>

114 2368 223 2426 (can.
249 2369 376 2423 2223,
399 2372 424 2422 ἓ
449 2369 507 2426 3),
542 2369 585 2426 b)
619 2370 675 2413 sit
714 2370 803 2429 ipso
837 2370 951 2428 facto
980 2370 1156 2429 infamis
1178 2383 1271 2414 cum
1296 2369 1514 2414 effectibus
1543 2370 1742 2423 iuridicis,

113 2453 216 2498 quos
250 2442 376 2484 refert
398 2454 488 2486 can.
517 2441 644 2496 2294,
678 2444 703 2496 ἓ
738 2442 774 2497 1,
800 2448 839 2485 et
864 2442 1055 2494 clericus,
1083 2458 1105 2483 «
1127 2442 1281 2484 divinis
1306 2443 1543 2485 ministeriis
1566 2455 1639 2498 per
1662 2443 1742 2498 pri—

115 2523 222 2554 mam
267 2511 411 2555 saltem
456 2516 669 2556 tonsuram
714 2516 1018 2569 mancipatus»
1068 2514 1176 2571 (can.
1213 2513 1309 2566 108,
1351 2512 1379 2571 ξ
1422 2512 1479 2569 l),
1519 2518 1743 2570 praeterea

115 2581 219 2625 idest
251 2582 289 2637 c)
313 2580 552 2640 deponatur
573 2583 766 2640 equidem
794 2596 866 2640 per
890 2583 1127 2627 iudicialem
1152 2585 1397 2626 sententiam
1417 2596 1511 2626 cum
1531 2582 1743 2626 effectibus

115 2665 163 2695 ex
189 2665 280 2696 can.
304 2652 431 2706 2303,
455 2655 486 2696 si
512 2653 690 2697 clericus
713 2654 834 2697 fuerit
858 2657 897 2697 in
921 2657 1065 2709 sacris,
1099 2666 1194 2697 nam
1222 2653 1399 2697 clericus
1428 2655 1561 2697 minor
1584 2653 1743 2697 facilius

116 2724 154 2765 in
186 2727 337 2767 statum
373 2723 560 2767 laicalem
597 2725 881 2768 reduceretur.

233 2876 245 2898 ¹
273 2875 409 2921 Suppl.
439 2888 474 2921 q.
503 2877 549 2910 26
576 2888 609 2913 a.
636 2877 657 2910 3
684 2876 750 2911 sed
777 2882 913 2912 contra
938 2882 979 2912 et
1003 2889 1106 2922 corp.
