1981 3182
230 138 298 171 110
694 137 778 171 Lus.
804 137 850 171 V.
879 157 891 162 -
919 137 1029 172 PARS
1054 138 1106 172 II.
1135 158 1148 163 -
1174 137 1232 172 De
1250 141 1389 182 poenis
1533 137 1626 173 Can.
1653 138 1856 173 2251-2252

229 257 256 313 ξ
291 257 337 310 1;
371 255 444 298 sed
478 262 666 312 respectu
701 259 920 300 commatis
952 257 1029 300 sub
1064 262 1239 315 utraque
1275 258 1408 301 littera
1444 259 1485 315 a)
1519 263 1557 301 et
1591 258 1629 315 b)
1663 259 1856 302 admonet

229 341 382 371 einum:
418 327 501 370 nisi
543 328 751 371 concessio
796 327 1074 371 absolutionis
1107 328 1147 384 a)
1189 328 1390 386 probetur
1435 332 1693 380 testimoniis,
1736 330 1858 372 docu-

230 403 380 448 mento,
415 403 491 442 etc.
527 404 601 441 aa!
636 398 678 455 b)
698 398 847 441 saltem.
881 399 1067 455 leyilime
1101 402 1213 442 iuxta
1247 414 1299 442 ss.
1334 413 1512 443 canones
1543 405 1856 458 praeszmiatm,

229 469 355 513 ide-st:
395 482 455 512 «a
479 472 701 526 superiore
735 472 981 513 coniiciatur
999 486 1020 510 ›)
1059 469 1168 526 (can.
1196 470 1321 517 1825,
1342 470 1370 527 ξ
1400 471 1438 523 1)
1461 484 1508 513 ex
1535 472 1856 514 circumstantiis

228 539 268 581 iii
303 541 398 596 soro
431 546 604 582 emet-no
637 540 957 594 extraiudiciali,
991 554 1168 583 eensara
1202 544 1396 598 quamvis
1435 555 1529 584 vere
1567 541 1751 584 absoluta
1784 554 1855 598 po·

229 616 305 652 test
340 626 363 653 a
399 610 696 669 Superioribus
729 610 816 668 sori
850 611 1031 665 efflei-iii,
1066 626 1113 654 eo
1148 612 1257 669 quod
1295 614 1332 654 in
1369 611 1444 655 lioc
1480 611 1518 654 bi
1548 611 1699 655 debent
1732 624 1856 668 agere
1916 611 1918 613 ’

226 681 454 725 secundum
491 694 550 737 ea3
587 695 693 739 quae
729 687 881 738 patent,
917 686 955 725 et
987 682 1135 739 quibas
1167 682 1246 726 hoc
1283 685 1320 725 in
1347 686 1511 738 negotio
1547 684 1722 739 propriis
1744 696 1854 731 reus,

226 755 420 809 quamvis
452 752 678 805 absolutus,
710 766 865 810 parere
897 752 1013 795 debet
1051 769 1072 793 α
1092 759 1179 809 post
1213 756 1457 796 sententiam
1494 758 1631 797 tamen
1676 753 1858 797 declara-

226 826 386 870 toriam,
426 823 486 866 vel
513 826 544 866 si
569 823 766 866 delictum
806 827 857 866 sit
898 827 1144 867 notorium»
1190 838 1260 868 seu
1300 825 1350 867 ad
1393 838 1579 867 normam
1615 838 1704 868 can.
1743 825 1853 868 2232

225 896 249 948 ἓ
288 895 321 944 l,
356 907 448 937 nam
484 895 672 938 additur:
711 895 867 951 aryeri,
901 909 973 938 seu
1015 898 1202 951 «exigi»
1249 909 1320 952 pro
1354 896 1442 938 foro
1466 897 1634 953 quidem
1668 899 1855 949 externo,

226 978 303 1008 non
339 965 513 1016 occulte,
546 965 676 1008 donee
723 965 930 1009 absolutio
966 966 1006 1008 iii
1057 965 1194 1009 eodem
1229 966 1323 1023 foro
1359 965 1501 1009 liabila
1533 966 1668 1023 faerit
1698 965 1750 1010 ab
1793 980 1854 1020 eo,

225 1040 291 1093 qui
329 1050 401 1092 pro
448 1037 674 1080 «eodem»
708 1040 995 1080 auctoritatem
1023 1037 1160 1087 habet,
1197 1040 1249 1080 ita
1286 1044 1325 1080 ut
1360 1043 1472 1081 certo
1497 1038 1547 1081 de
1582 1038 1648 1081 illa
1682 1042 1851 1082 constet.

342 1108 403 1150 Ad
439 1109 796 1151 confirmationem
832 1109 1056 1151 afferemus
1090 1123 1139 1152 ex
1176 1111 1264 1152 iure
1303 1112 1430 1152 veteri
1466 1110 1667 1166 quosdam
1704 1114 1854 1152 textus.

223 1178 260 1222 S.
299 1179 616 1222 t’oeintentiarta
650 1181 726 1235 Ap.
762 1182 1038 1236 interrogata:
1061 1180 1072 1201 ¹
1113 1179 1295 1224 «Utrum
1325 1180 1450 1224 verba
1486 1181 1526 1222 iii
1552 1185 1729 1238 atroque
1760 1179 1853 1237 foro

223 1249 413 1292 absolvas
450 1253 501 1293 ita
538 1250 806 1307 intelligenda
841 1253 933 1297 sint.
972 1256 1013 1293 ut
1048 1253 1285 1308 requiratur
1318 1251 1468 1307 duplex
1505 1250 1708 1294 absolutio
1742 1265 1855 1307 sepa-

225 1323 342 1363 ratim
379 1322 678 1377 impertienda·
704 1335 781 1364 una
806 1322 963 1365 scilicet
990 1324 1026 1364 in
1062 1322 1148 1364 foro
1172 1328 1360 1376 externo,
1383 1322 1460 1365 alia
1492 1324 1529 1364 in
1557 1323 1644 1365 foro
1670 1324 1851 1369 interno:

222 1404 271 1434 an
309 1394 379 1434 ista
420 1392 544 1435 verba
580 1394 632 1435 ita
659 1393 926 1449 intelligenda
962 1395 1054 1438 sint.
1093 1398 1133 1436 ut
1160 1395 1395 1450 requiratur
1431 1407 1507 1435 una
1545 1398 1701 1436 tantum
1735 1392 1852 1437 abso-

222 1462 321 1505 lutio
357 1466 394 1505 in
431 1464 518 1506 foro
551 1469 723 1506 externo
758 1464 1047 1520 impertienda.
1083 1477 1190 1520 quae
1226 1463 1358 1507 valeat
1402 1466 1523 1507 etiam
1562 1478 1633 1520 pro
1679 1466 1851 1507 interno.

221 1533 266 1576 R.
302 1534 378 1578 Ad.
415 1534 452 1578 4.
473 1534 675 1590 Negative
709 1535 757 1577 ad
797 1537 970 1591 primam
1000 1540 1180 1591 partem:
1208 1535 1468 1578 Attirmative
1492 1536 1540 1578 ad
1565 1535 1851 1580 secundam».

222 1630 274 1634 -—
312 1604 409 1647 ltem
447 1607 483 1647 in
520 1619 609 1661 cap.
646 1606 698 1647 39
739 1621 760 1646 c(
783 1606 833 1648 de
867 1609 1069 1649 sententia
1105 1608 1586 1649 excommunicationis»
1612 1604 1682 1663 (V,
1717 1606 1790 1663 39)
1817 1605 1848 1649 X

220 1678 275 1718 ait
311 1675 445 1718 lnnoc.
482 1675 556 1719 Ill:
596 1676 898 1719 «Fi-aternitati
937 1682 1029 1720 tuae
1080 1679 1394 1733 respondemus,
1427 1677 1538 1735 quod
1575 1680 1649 1720 nisi
1685 1691 1849 1721 exeom-

222 1749 418 1790 municati
454 1760 473 1789 a
511 1752 562 1799 te,
597 1761 721 1803 super
754 1748 1013 1791 absolutione
1046 1761 1118 1791 sua
1155 1748 1311 1791 litteras
1345 1754 1517 1801 nostras,
1556 1748 1616 1791 vel
1645 1748 1753 1791 illius
1783 1752 1849 1792 cui

223 1819 334 1860 vices
369 1823 528 1861 nostras
552 1821 590 1861 in
616 1818 691 1861 bac
718 1824 832 1875 parte
865 1821 1151 1861 commisimus
1185 1821 1500 1875 reportaverint,
1526 1824 1595 1862 aut
1624 1818 1703 1862 alio
1729 1820 1849 1862 modo

219 1888 402 1945 legitime
436 1889 487 1932 de
512 1889 675 1932 illorum
701 1889 960 1933 absolutione
985 1889 1056 1933 tibi
1082 1892 1330 1933 constiterit:
1368 1895 1406 1932 tu
1435 1892 1542 1946 ipsos
1576 1904 1648 1946 pro
1682 1904 1847 1933 excom-

220 1961 439 2002 municatis
474 1965 513 2003 ut
549 1963 662 2016 prius
694 1960 861 2013 habeas,
896 1966 934 2003 et
968 1961 1093 2003 iacias
1125 1963 1330 2003 evitari».

337 2030 404 2072 76.
442 2032 513 2077 De
545 2034 861 2078 absolutione
893 2034 941 2076 in
976 2033 1193 2088 periculo
1227 2034 1399 2077 mortis
1432 2045 1451 2074 a
1487 2034 1673 2090 censuris
1718 2045 1846 2075 reser-

221 2102 324 2142 vatis
358 2102 431 2144 suit
455 2101 711 2145 declaratum
739 2105 775 2145 in
796 2101 1104 2146 Commentario
1128 2101 1282 2145 Textus
1307 2105 1607 2158 praescriptum
1633 2115 1722 2146 can.
1747 2103 1846 2153 882,

218 2170 286 2214 ubi
320 2175 519 2228 scriptum
551 2179 624 2221 est,
660 2174 768 2230 quod
817 2179 911 2217 tunc
950 2187 1132 2216 «omnes
1175 2174 1427 2224 sacerdotes,
1473 2173 1565 2217 licet
1600 2174 1650 2217 ad
1694 2176 1847 2217 contes-

216 2244 352 2285 siones
387 2256 463 2286 non
490 2244 720 2300 approbati,
749 2245 884 2287 valide
918 2244 1091 2287 etlicite
1115 2243 1337 2287 absolvunt
1360 2244 1564 2301 quoslibet
1590 2247 1847 2300 poenitentes

216 2324 236 2354 a
272 2312 530 2369 quibusvis...
567 2317 766 2360 censuris
791 2317 1061 2372 quantumvis
1087 2317 1311 2358 reservatis
1345 2321 1381 2357 et
1418 2318 1643 2358 notoriis».
1669 2314 1725 2358 lbi
1749 2314 1845 2358 sub-

215 2383 391 2426 debatur
426 2385 611 2428 clausula
667 2386 820 2429 «salvo
846 2389 1100 2442 praescripto
1124 2399 1242 2430 can...
1270 2386 1380 2428 2252
1400 2402 1440 2432 η,
1465 2400 1571 2443 quae
1597 2388 1725 2429 innuit
1750 2400 1844 2429 eon—

216 2457 433 2498 nexionem
452 2458 640 2499 intereos
658 2470 849 2511 canones,
866 2457 1066 2514 illumque
1087 2459 1379 2513 praesupponit
1393 2462 1578 2499 statuens
1595 2459 1842 2500 002129542.

218 2524 300 2577 Qui
335 2525 375 2567 in
407 2526 596 2583 periculo
632 2528 778 2570 morlis
817 2528 1049 2576 constituti,
1085 2542 1107 2569 a
1132 2527 1360 2575 sacerdote,
1389 2527 1630 2584 presbytero
1668 2527 1729 2570 vel
1756 2527 1844 2583 Epi-

212 2610 351 2651 scopo,
385 2598 454 2639 sed
492 2598 532 2653 a)
566 2597 766 2654 specialis
798 2597 1022 2655 facultatis
1047 2601 1084 2640 in
1120 2610 1216 2641 casn
1244 2603 1455 2641 reservato
1491 2601 1747 2641 necessariae
1780 2612 1844 2640 ei·-

209 2672 341 2722 perle,
378 2666 419 2722 b)
455 2676 699 2724 receperant
739 2669 909 2711 «valide
943 2673 980 2711 et
1017 2669 1164 2711 licite»
1207 2671 1244 2710 vi
1279 2681 1367 2711 can.
1405 2669 1487 2711 882
1541 2667 1840 2711 absolutionem

213 2738 263 2780 de
298 2738 401 2780 sacto
436 2738 572 2781 datam
610 2739 658 2780 ab
692 2739 837 2796 aliqua
872 2753 1048 2781 censura
1083 2739 1226 2782 sallem
1266 2742 1343 2781 «in
1379 2744 1575 2782 consueta
1601 2739 1730 2781 forma
1751 2738 1842 2795 (pro

334 2894 341 2912 ¹
371 2891 414 2925 27
445 2892 532 2935 Apr.
566 2891 665 2924 isso.
697 2891 947 2925 Collectanea
977 2892 1013 2925 S.
1045 2891 1086 2925 C.
1120 2891 1165 2925 de
1192 2891 1235 2924 P.
1266 2891 1306 2924 F.
1333 2903 1371 2925 n.
1406 2892 1508 2925 1655.
