1981 3182
191 130 237 162 22
664 130 747 164 Lus.
776 131 819 164 V.
847 150 858 156 -
884 131 996 166 PARS
1022 131 1051 165 Ι.
1078 151 1089 158 -
1118 132 1174 166 De
1199 133 1350 167 delictis
1494 133 1588 168 Can.
1614 131 1820 167 2204-2205

192 249 347 293 idcirco
380 252 597 292 statuerint
623 252 758 292 minus
780 263 927 293 severe
952 253 988 293 in
1016 250 1105 294 illos
1128 252 1564 295 animadvertendum.
1590 252 1680 295 Pari
1708 266 1820 306 vero,

191 334 262 363 seu
299 323 433 376 potius
465 320 611 364 eadem
649 321 766 376 plane
801 324 971 373 ratione.
1005 334 1128 378 quam
1165 322 1441 365 differentiam
1476 328 1705 379 agnoscunt
1738 336 1823 366 sae-

193 391 273 434 culi
309 391 421 447 leges
455 394 491 433 in
529 394 670 447 poenis
703 392 938 435 sanciendis
971 393 1174 436 adversus
1210 407 1314 448 reos,
1349 394 1494 437 eadem
1539 407 1718 452 aequum
1763 398 1823 437 est

194 464 231 504 in
267 462 423 505 eisdem
458 465 538 505 reis
572 465 844 505 immunitatis
877 462 1079 506 beneficio
1123 464 1392 507 defendendis
1429 464 1734 508 ecclesiasticas
1767 465 1821 508 le·

194 546 265 589 ges
301 546 662 589 recognoscere».

311 602 480 660 Absque
523 603 649 650 dubio
694 604 886 647 deferens
930 603 1025 648 huic
1072 607 1217 648 rationi
1264 605 1507 662 praescribit
1551 619 1640 648 ean.
1682 607 1823 650 2204.

196 672 337 716 Μίηον
369 679 407 717 et
441 688 520 717 non
566 678 707 718 stricte
754 675 1013 731 «puerilis»
1054 681 1095 719 ut
1133 679 1169 718 in
1204 676 1491 720 Decretalibus
1524 682 1656 729 aetas,
1691 677 1822 720 idest:

200 746 349 787 «infra
395 747 639 788 vicesimum
687 749 866 802 primum
911 749 1056 790 aetatis
1099 759 1253 790 annum
1296 747 1550 804 expletum»
1607 750 1714 803 (can.
1756 748 1823 802 88,

194 818 218 870 g
256 815 311 868 li,
346 821 470 873 atque
505 819 542 859 in
577 819 710 873 seipsa
745 817 1021 872 considerata,
1054 818 1139 861 nisi
1170 818 1291 862 aliud
1324 824 1569 873 constetfac
1593 818 1763 875 proinde
1784 812 1825 862 ut

196 891 476 944 praesumptio
512 890 611 931 iuris
644 891 838 931 statuitur
871 890 1157 946 norma,quod
1195 889 1262 933 illa
1296 890 1336 946 a)
1372 890 1525 932 mima!
1559 892 1597 932 in
1632 903 1675 933 se
1698 902 1745 933 ac
1771 892 1828 932 iu-

196 961 251 1001 ris
282 959 425 1002 tavore
458 959 604 1002 delicti
637 959 857 1003 cuiuslibet
890 960 940 1003 ad
978 973 1163 1003 normam
1209 964 1332 1004 totius
1375 974 1462 1004 can.
1501 961 1612 1004 2195
1647 961 1828 1018 imputa-

195 1028 398 1072 bilitatem
442 1044 490 1073 ex
538 1030 687 1086 triplici
736 1033 910 1087 origine,
957 1030 998 1087 b>
1033 1045 1159 1089 eoque
1202 1031 1336 1088 massis
1383 1034 1620 1075 «minuit»
1658 1045 1736 1089 quo
1771 1030 1827 1074 acl

194 1099 424 1158 infimiti'am
459 1102 644 1145 scilicet:
685 1118 703 1142 «
729 1107 822 1144 ante
858 1102 1023 1158 plenum
1058 1105 1360 1159 septennium»
1399 1102 1507 1160 (can.
1534 1104 1602 1157 88,
1625 1105 1649 1155 ἓ
1673 1103 1712 1157 3)
1733 1116 1828 1159 pro-

192 1172 291 1230 pius
325 1172 498 1217 accedit.

318 1244 382 1286 18-
420 1246 491 1290 De
524 1247 613 1298 his,
647 1260 776 1303 quae
809 1247 855 1290 vi
888 1249 1110 1292 metusve
1145 1260 1297 1292 causa
1328 1247 1454 1291 fiunt
1475 1246 1591 1289 adest
1616 1248 1654 1288 in
1682 1244 1828 1288 Decre-

196 1314 347 1358 talibus
388 1315 552 1359 rubrica
598 1316 672 1359 tit¹
717 1317 784 1370 40,
818 1315 905 1360 Lib.
943 1316 967 1359 l.
1002 1315 1102 1360 Cum
1138 1322 1288 1359 statuta
1332 1330 1536 1360 canonum
1583 1317 1659 1360 liae
1700 1316 1751 1359 de
1786 1330 1829 1360 re

196 1389 275 1429 sint
309 1386 555 1443 quamplura
603 1390 714 1430 iuxta
761 1387 927 1430 diversa
974 1390 1074 1430 iuris
1119 1390 1314 1432 instituta,
1350 1390 1548 1443 sapientis
1581 1387 1831 1444 legislatoris

199 1456 390 1499 voluntas
423 1460 460 1499 in
495 1458 673 1501 diversis
706 1456 869 1501 Codicis
904 1458 1002 1500 locis
1035 1458 1200 1501 easdem
1236 1470 1381 1501 causas
1416 1462 1654 1514 pertractat,
1688 1462 1731 1500 ut
1763 1470 1830 1501 ca-

198 1541 325 1570 nones
357 1531 446 1571 sine
478 1528 730 1572 obscuritate
776 1533 991 1585 proponat.
1038 1529 1097 1571 Ad
1134 1528 1274 1572 delicti
1320 1527 1685 1584 imputabilitatem
1721 1529 1830 1586 quod

197 1602 353 1650 attinet,
381 1602 544 1655 ponitur
569 1614 657 1642 ean.
684 1602 825 1653 3905,
864 1600 913 1643 ad
954 1602 1075 1643 cuius
1107 1599 1422 1655 intelligentiam
1447 1613 1540 1642 cum
1570 1599 1582 1621 ¹
1619 1599 1757 1643 lnnoc.
1781 1599 1830 1643 lll

201 1687 223 1711 (ι
246 1671 554 1727 distinguimus,
591 1677 725 1714 utrum
764 1674 796 1714 is
829 1673 896 1728 qni
933 1673 1213 1714 communicat
1247 1673 1620 1714 excommunicatis
1659 1673 1826 1716 invitus,

197 1744 246 1785 sit
282 1755 353 1798 per
386 1745 641 1788 coactionem
687 1743 924 1797 adstrictus,
968 1748 1035 1785 aut
1072 1755 1144 1798 per
1179 1746 1333 1785 metum
1375 1742 1581 1785 inductus.
1621 1741 1662 1784 In
1699 1745 1832 1798 primo

198 1826 293 1856 casu
331 1814 452 1856 talem
489 1827 565 1856 non
601 1814 812 1857 credimus
831 1816 1265 1857 excommunicatione
1290 1815 1433 1868 teneri,
1459 1826 1552 1856 cum
1579 1815 1712 1869 magis
1736 1815 1831 1870 pati,

199 1898 320 1940 quam
356 1897 481 1940 agere
515 1888 802 1928 convincatur.
838 1884 878 1927 ln
913 1885 1096 1928 secundo
1123 1884 1216 1927 licet
1253 1888 1387 1927 metus
1420 1888 1603 1927 attenuet
1637 1885 1833 1940 culpam3

198 1958 293 2012 quia
329 1961 463 1998 tamen
500 1968 589 1999 eain
627 1970 705 1998 non
742 1969 909 2011 prorsus
942 1955 1141 2008 excludit,
1175 1968 1270 1998 cnm
1311 1968 1383 2011 pro
1408 1954 1520 1998 nullo
1547 1960 1658 1998 metu
1685 1954 1833 1998 debeat

199 2030 290 2084 quis
336 2028 507 2070 mortale
554 2032 768 2083 peccatum
813 2030 1040 2079 incurrere,
1086 2028 1532 2069 excommunicationis
1575 2025 1666 2069 labe
1699 2026 1832 2069 credi·

203 2112 292 2141 mus
326 2101 531 2155 inquinari
557 2115 596 2141 )).

319 2169 390 2212 His
425 2173 638 2229 principiis
671 2171 894 2214 concordat
930 2183 1076 2219 canon,
1109 2169 1185 2212 sub
1219 2169 1274 2227 §3⁶
1307 2170 1485 2212 diversis
1521 2168 1639 2225 plene
1668 2180 1835 2211 normas

200 2241 401 2285 exhibens
434 2244 542 2285 circa
564 2241 775 2287 delictum.
811 2246 853 2285 ut
887 2241 1083 2284 diximus.
1117 2240 1144 2298 ξ
1178 2243 1211 2282 1.
1260 2239 1339 2288 lix,
1373 2239 1559 2283 scilicet:
1594 2251 1745 2283 causae
1779 2241 1833 2282 in-

202 2313 474 2368 dependentis
493 2325 513 2354 a
537 2313 748 2355 voluntate
769 2311 970 2368 impulsus
989 2312 1037 2354 ad
1060 2311 1267 2367 agendum
1292 2312 1355 2354 vel
1379 2311 1556 2367 repulsio
1581 2310 1632 2354 ab
1655 2311 1833 2366 agendo,

199 2382 390 2441 pleysse'ea,
425 2386 519 2441 quia
557 2384 758 2439 impulsus
804 2383 865 2426 vel
913 2382 1092 2438 repulsio
1137 2385 1173 2424 in
1215 2396 1365 2438 corpus
1409 2384 1581 2439 eiusque
1617 2381 1834 2425 facultates

201 2454 344 2497 saltem
382 2458 563 2497 internas
596 2467 643 2497 ac
678 2456 861 2497 fortassis
894 2456 1114 2496 sensitivas
1150 2456 1362 2510 recipitur,
1395 2456 1485 2496 sire
1518 2465 1537 2496 a
1573 2464 1697 2495 causa
1724 2457 1836 2495 natu-

205 2525 291 2574 rali,
333 2531 417 2568 tum
464 2528 684 2568 intrinseca
725 2540 759 2565 v.
793 2540 853 2581 gr.
892 2524 1034 2568 morbo
1079 2525 1232 2582 aliquo,
1277 2530 1363 2567 tum
1409 2526 1644 2567 extrinseca
1696 2537 1732 2563 v.
1773 2537 1835 2579 gr.

201 2601 365 2639 amente
398 2597 592 2653 quodam,
627 2599 715 2639 sire
749 2610 770 2639 a
804 2608 928 2639 causa
964 2596 1092 2638 libera
1129 2601 1168 2638 ut
1205 2595 1432 2651 plurimum
1477 2594 1729 2650 producatur
1761 2595 1836 2647 vis,

203 2681 308 2724 [μιαί]
341 2673 476 2710 tamen
511 2681 667 2709 ovonem
704 2667 854 2709 mlimit
888 2666 1042 2723 offendi
1075 2666 1152 2709 hoc
1186 2671 1272 2710 est:
1309 2665 1386 2722 legi
1424 2665 1583 2722 poenali
1607 2678 1651 2708 se
1674 2665 1832 2708 confor-

204 2739 341 2781 mandi
375 2738 623 2796 facultatem
671 2739 859 2791 liberam,
895 2743 990 2780 tunc
1024 2737 1235 2792 delictum,
1273 2742 1411 2792 utpote
1445 2736 1553 2793 quod
1589 2749 1681 2779 esse
1714 2735 1836 2778 debet

324 2893 334 2913 ¹
363 2891 453 2935 Cap.
483 2893 516 2927 5.
547 2892 598 2924 tit
637 2892 694 2926 40,
725 2891 808 2925 Lib.
837 2892 864 2931 Ι,
893 2892 942 2927 X.
