1981 3182
0 397 22 504 „mg-r,-

318 29 323 33 .
354 0 384 35 κ
445 0 995 39 ΑΜιᾞψ-Νπ
1009 0 1025 2 ἡ·
1068 0 1072 10 -’

293 33 327 42 ›.>
359 36 386 46 ι.
435 32 535 46 ,*·¹i.',
565 35 629 45 «mnu
734 35 773 44 >.-

493 58 497 66 .

586 181 713 206 INDEX
739 180 933 206 GANONUM
958 181 1009 205 ET
1036 181 1317 207 COMMENTARII
1694 172 1762 207 331

1573 299 1651 320 CAN.
1689 299 1768 320 PAG.

139 349 186 384 In
211 348 345 383 odium
371 349 592 383 duellorum
616 376 621 382 .
1497 377 1502 382 .
1557 348 1649 383 2351
1697 350 1768 383 252

140 408 187 442 In
213 408 411 442 libertatis
441 407 622 442 tutelam.
1498 434 1505 441 .
1557 407 1650 442 2352
1698 408 1769 442 255

139 467 197 501 De
222 467 447 512 raptoribus
501 493 508 500 .
1498 492 1505 500 .
1558 466 1651 500 2353
1699 466 1768 501 257

139 526 197 560 De
223 526 385 560 iniuriis
411 532 451 560 et
477 525 617 559 damno
644 525 736 559 dato
1497 551 1505 558 .
1557 525 1651 559 2354
1699 525 1768 559 258

139 584 198 619 De
223 584 383 619 iniuriis
410 584 635 618 verbalibus
1500 611 1506 617 .
1557 583 1650 618 2355
1700 583 1768 617 260

139 643 287 679 Contra
310 643 507 688 bigamiae
533 642 736 677 delictum.
1499 669 1505 676 .
1557 642 1650 676 2356
1699 643 1764 676 261

139 702 198 737 De
224 702 430 736 adulteriis
457 708 497 736 et
523 706 660 746 stupro
725 729 732 735 .
1498 727 1506 734 .
1557 701 1649 736 2357
1699 701 1768 734 262

140 761 198 796 De
224 762 377 796 clericis
405 765 542 795 contra
563 765 721 794 sextum
746 764 999 806 praeceptum
1027 759 1351 805 delinquentibus
1388 787 1394 793 .
1499 786 1505 794 .
1558 760 1650 794 2358
1698 760 1768 794 264

141 820 199 854 De
224 820 377 854 clericis
403 820 691 854 concubinariis
717 823 757 854 et
783 823 922 853 contra
947 822 1105 853 sextum
1135 818 1337 864 sacrilegis
1390 845 1396 852 .
1499 845 1506 852 .
1557 818 1650 852 2359
1698 818 1768 853 265

812 935 998 972 TlTULUS
1025 935 1097 971 XV.

764 1021 819 1054 De
847 1020 1017 1054 crimine
1043 1020 1149 1054 falsi.

143 1079 321 1114 Canones
346 1078 550 1114 2360-2363
617 1106 623 1112 .
1699 1077 1768 1110 269

142 1138 354 1183 Inscriptio
380 1138 505 1172 Tituli
534 1143 573 1171 et
600 1149 794 1172 canonum
821 1138 913 1172 ordo
953 1165 958 1171 .
1502 1164 1509 1170 .
1702 1136 1770 1170 270

143 1196 279 1239 Quoad
306 1185 406 1230 Acta
433 1196 470 1231 S.
502 1196 625 1230 Sedis.
1502 1223 1508 1229 .
1561 1195 1653 1228 2360
1727 1211 1740 1224 ι»

143 1255 188 1289 In
215 1255 467 1300 subreptione
495 1256 556 1290 vel
584 1255 811 1300 obreptione
839 1255 965 1300 quoad
992 1255 1182 1299 rescripta
1502 1281 1507 1288 .
1561 1254 1652 1287 2361
1703 1254 1771 1288 272

143 1314 254 1352 Circa
278 1315 358 1348 alia
384 1314 619 1349 documenta
644 1315 910 1348 ecclesiastica
951 1341 958 1348 .
1503 1340 1509 1346 .
1561 1312 1654 1346 2362
1703 1312 1771 1347 273

144 1373 290 1408 Contra
315 1373 502 1408 delictum
536 1374 658 1408 falsae
693 1373 1012 1407 denunciationis
1052 1373 1097 1406 de
1135 1373 1298 1407 crimine
1329 1372 1513 1406 sollicita-

240 1433 362 1467 tionis
398 1459 405 1467 .
1504 1458 1510 1464 .
1563 1431 1655 1465 2363

808 1549 993 1586 TlTULUS
1021 1549 1109 1584 xvi.

427 1635 482 1668 De
511 1634 670 1668 delictis
700 1634 736 1667 in
766 1633 1124 1667 administratione
1150 1633 1207 1667 vei
1238 1631 1501 1673 susceptione

520 1694 709 1727 ordinum
739 1693 1001 1734 aliorumque
1029 1692 1403 1726 Sacramentorurn.

149 1775 327 1810 Canones
353 1776 557 1810 2364-2375
623 1804 629 1810 .
1707 1771 1777 1806 275

148 1834 328 1869 Schema:
357 1835 518 1869 Titulus
544 1835 650 1869 XVI.
680 1835 737 1869 De
763 1835 920 1868 delictis
950 1835 988 1867 in
1020 1833 1412 1867 administratione...
1441 1835 1515 1865 etc.
1709 1829 1778 1865 276

147 1893 358 1939 Inscriptio
384 1894 511 1928 Tituli
537 1905 578 1928 et
605 1898 743 1928 mutua
769 1905 962 1927 canonum
990 1892 1187 1926 ordinatio
1709 1889 1777 1924 277

149 1952 305 1987 Delicta
331 1965 428 1998 quae
456 1954 494 1987 in
521 1953 788 1998 quorumlibet
815 1957 1147 1986 sacramentorum
1175 1950 1398 1984 ministerio
1424 1950 1520 1983 acci—

244 2012 332 2046 dere
359 2023 525 2057 possunt
577 2042 582 2046 .
1567 2008 1660 2042 2364
1709 2007 1779 2041 278

150 2070 296 2105 Contra
321 2071 594 2117 presbyterum
621 2072 687 2116 qui
716 2071 1053 2105 confirmationem
1084 2069 1256 2103 invalide
1287 2068 1489 2101 ministret
1511 2094 1516 2100 .
1569 2066 1661 2101 2365
1736 2081 1749 2095 »

149 2130 305 2164 Delicta
331 2132 372 2164 in
400 2130 691 2165 iurisdictionis
717 2129 1012 2164 sacramentalis
1043 2128 1302 2173 usurpatione
1570 2125 1662 2159 2366
1711 2124 1780 2159 279

151 2189 297 2223 Contra
321 2189 510 2224 delictum
537 2189 766 2223 absolvendi
794 2189 1023 2233 complicem
1051 2188 1091 2221 in
1119 2192 1277 2232 peccato
1305 2187 1410 2231 turpi
1570 2184 1661 2218 2367
1711 2183 1780 2217 280

151 2250 301 2283 Contra
326 2248 470 2282 delicta
495 2260 592 2294 quae
618 2249 791 2293 aliquam
818 2248 964 2282 habent
993 2247 1279 2281 connexionem
1312 2257 1400 2280 cum
1432 2256 1518 2278 con-

244 2307 414 2342 fessione
442 2308 717 2342 sacramentali
736 2334 744 2341 .
1568 2302 1662 2336 2368
1710 2301 1780 2335 283

151 2367 306 2402 Delicta
333 2368 373 2401 iu
401 2368 578 2412 sigillum
606 2367 888 2401 sacramentale
1570 2362 1662 2395 2369
1712 2360 1782 2394 285

151 2426 306 2461 Delicta
334 2428 374 2461 in
400 2427 621 2472 peragenda
646 2426 945 2472 recipiendaque
973 2425 1267 2459 consecratione
1298 2422 1520 2468 episcopali.
1572 2420 1665 2454 2370
1714 2419 1782 2453 286

151 2485 299 2520 Contra
325 2485 514 2520 delictum
541 2487 730 2520 simoniae
758 2486 798 2520 in
826 2488 1161 2519 sacramentorum
1181 2481 1525 2517 administratione

247 2550 289 2579 et
313 2546 535 2591 receptione
1571 2538 1661 2572 2371
1714 2537 1783 2571 287

151 2603 352 2638 Delictum
378 2604 593 2649 recipiendi
619 2604 909 2638 ordinationem
937 2602 1121 2636 illicitam
1147 2611 1263 2635 causa
1289 2599 1461 2633 ministri
1515 2626 1520 2631 .
1575 2597 1668 2631 2372
1717 2595 1786 2630 288

152 2661 314 2697 Sanctio
340 2663 573 2699 delictorum
600 2664 641 2697 in
668 2663 917 2697 ordinatione
945 2660 1156 2695 tribuenda
1178 2658 1411 2704 quibusdam
1438 2657 1525 2691 sub-

249 2722 363 2756 iectis
409 2751 414 2756 .
851 2750 857 2755 .
1573 2714 1666 2749 2373
1715 2713 1793 2753 289,

155 2780 316 2815 Sanctio
341 2781 528 2816 adversus
554 2781 783 2816 accedentes
810 2781 858 2815 ad
885 2780 1041 2814 ordines
1070 2782 1205 2813 contra
1231 2788 1282 2811 ss.
1312 2787 1480 2810 canones
1513 2802 1518 2808 .
1573 2774 1666 2807 2374
1715 2772 1784 2806 290

156 2838 302 2874 Contra
328 2841 511 2875 ineuntes
538 2841 834 2875 matrimonium
861 2840 946 2873 sine
979 2837 1274 2882 dispensatione
1312 2834 1530 2869 necessaria

250 2899 523 2944 impedimenti
551 2900 700 2934 mixtae
727 2898 934 2943 religionis
966 2925 972 2931 .
1575 2890 1668 2924 ‘2375
1717 2889 1785 2923 291
