1981 3182
143 148 236 185 Gan.
263 148 354 184 2207
522 148 607 182 Trr.
635 148 687 182 ΙΙ.
716 168 728 173 -
755 148 812 182 De
838 149 1144 192 immutabilitate
1169 149 1300 183 delicti
1326 152 1393 183 etc.
1728 152 1772 185 ‘27

144 267 397 312 voluntatem
432 267 593 310 domini
623 267 706 318 sui,
729 272 768 309 et
790 280 870 310 non
895 267 1073 323 fac-iens,
1095 266 1237 323 playis
1273 267 1487 324 vapulabit
1519 267 1676 311 multis.
1701 269 1769 312 Se-

143 332 280 383 cundo
315 344 482 395 propter
516 338 878 395 iugratitudinem3
913 339 1008 394 quia
1042 351 1163 380 omne
1199 337 1349 380 bonum
1386 352 1466 395 quo
1505 339 1653 396 aliquis
1688 352 1770 383 ma-

144 410 377 467 gnificatur.
413 415 473 452 est
505 409 577 452 Dei
612 409 874 461 beneficium,
910 410 974 451 eui
1009 408 1131 451 homo
1166 410 1209 450 tit
1243 411 1429 464 ingratus
1468 410 1698 465 peccando:
1734 415 1773 454 et

143 486 343 540 quantum
377 481 426 523 ad
465 480 540 523 hoc
574 479 781 537 quaelibet
816 481 1042 532 maioritas,
1076 481 1197 522 etiarn
1234 481 1271 521 in
1305 480 1604 535 temporalibus
1643 481 1771 535 boniS,

144 552 230 602 (sed
268 554 514 607 praesertim·
547 554 582 593 in
618 549 897 593 ecclesiastica
931 552 1142 601 societate,
1177 550 1312 606 quoad
1346 550 1530 607 delicta),
1556 558 1770 607 peccatum

143 627 359 679 aggravat.
393 622 620 665 seeundum
657 620 754 663 illud
791 620 902 676 (Sap.
927 619 989 673 vl,
1015 620 1079 677 6):
1120 619 1309 663 Pelenle-s·
1340 627 1533 677 potenter
1567 628 1772 666 tormenta

141 693 376 751 patientur.
409 692 544 736 Tertio
579 697 745 748 propter
776 692 999 748 specialem
1035 694 1350 748 repugnantiam
1381 698 1498 735 actus
1532 698 1687 750 peccati
1722 695 1770 738 ad

145 764 472 821 magnitudinem
508 775 730 819 personae:¹
764 765 869 805 sicut
903 765 934 805 si
971 765 1163 819 princeps
1196 765 1393 807 iustitiam
1432 764 1571 817 violet,
1606 768 1673 821 qui
1709 780 1774 822 po-

147 838 256 878 nitur
280 837 456 878 iustitiae
480 839 640 886 custos;
674 838 711 876 et
735 835 767 876 si
791 834 988 877 sacerdos
1013 835 1253 885 fornicetur,
1293 838 1361 892 qui
1387 838 1618 878 castitatem
1648 839 1772 879 vovit.

145 904 301 958 Quarto
335 910 501 961 propter
533 905 771 961 exemptum
806 908 895 948 sire
928 906 1195 951 scandatum:
1231 909 1339 963 quia,
1362 912 1404 949 ut
1426 906 1652 962 Gregorius
1675 908 1775 951 dicit

145 979 183 1019 in
218 976 410 1019 Pastorati
446 976 570 1033 (part.
610 976 644 1031 l,
679 989 767 1032 cap.
806 976 828 1018 2
863 989 883 1019 3
920 977 1061 1026 med«,
1107 980 1188 1019 “in
1224 977 1463 1034 exemptum
1498 977 1618 1033 culpa
1657 978 1776 1022 vehe-

146 1051 303 1090 menter
342 1046 593 1099 extenditur,
627 1047 794 1104 quando
830 1061 900 1103 pro
937 1050 1169 1091 reverentia
1215 1049 1369 1104 gradus
1414 1054 1606 1104 peccator
1649 1049 1773 1092 hono-

145 1122 314 1167 ratur„.
340 1117 402 1161 Ad
429 1117 606 1173 plurium
643 1121 766 1161 etiam
804 1121 988 1161 notitiam
1026 1122 1275 1174 perveniunt
1312 1125 1478 1175 peccata
1515 1132 1775 1175 magnorum,

142 1193 180 1231 et
216 1191 346 1244 magis
378 1188 566 1231 homines
600 1201 645 1231 ea
682 1189 850 1245 indigne
885 1191 1021 1232 ferunt
1048 1206 1083 1232 n.

262 1259 300 1312 b)
338 1259 394 1300 ((1
433 1259 563 1302 Potest
601 1262 724 1315 igitur
758 1274 806 1303 ex
844 1265 958 1316 parte
993 1263 1115 1303 trium
1151 1261 1406 1304 considerari
1451 1264 1581 1305 maior
1617 1263 1677 1305 vel
1702 1265 1773 1305 mi-
1813 1312 1816 1316 ⁴

143 1343 218 1372 nor
250 1333 434 1386 gravitas
469 1332 505 1372 in
544 1335 712 1384 peccato
754 1331 983 1374 secundum
1030 1332 1308 1374 conditionem
1348 1345 1545 1388 personae
1579 1336 1615 1375 in
1651 1347 1773 1390 quam

144 1407 351 1457 peccatur.
389 1401 524 1444 Primo
558 1401 724 1458 quidem
760 1414 810 1444 ex
849 1407 962 1457 parte
998 1401 1168 1452 Dei,cui
1197 1408 1307 1446 tanto
1329 1405 1459 1459 inagis
1478 1404 1627 1461 aliquis
1652 1404 1775 1447 1101110

143 1474 421 1528 coniungitur,
455 1477 609 1529 quanto
643 1477 701 1515 est
740 1475 961 1515 virtuosior
999 1473 1058 1515 vet
1098 1473 1180 1516 Deo
1213 1476 1437 1519 sacratior:
1474 1480 1512 1517 et
1547 1476 1637 1517 ideo
1673 1478 1775 1518 iniu-

147 1545 203 1586 ria
239 1543 305 1586 1311
343 1556 540 1599 personae
585 1543 693 1586 illata
734 1532 866 1599 magis
910 1545 1111 1587 redundat
1149 1547 1185 1587 in
1225 1544 1366 1591 Deum,
1410 1546 1638 1588 secundum
1677 1546 1774 1589 iilud

145 1612 331 1670 (Zachar,
368 1613 413 1666 tt,
447 1613 520 1670 8):
560 1613 643 1667 Qui
675 1628 743 1657 vos
777 1615 979 1672 teliyerit,
1015 1616 1151 1673 lanyil
1172 1615 1383 1673 pupillam
1407 1616 1519 1659 oculi
1544 1617 1634 1659 mei.
1659 1617 1776 1661 Unde

145 1689 357 1741 peecatum
394 1686 436 1727 tit
470 1688 641 1740 gravius
674 1699 723 1728 ex
761 1685 835 1728 hoc
871 1687 979 1743 quod
1008 1692 1203 1742 peccatur
1229 1690 1265 1729 in
1292 1700 1508 1743 personam
1537 1691 1668 1743 magis
1694 1688 1776 1731 Deo

142 1757 403 1798 coniunctam
444 1755 505 1798 vel
543 1758 702 1799 ratione
739 1759 903 1799 virtutis
940 1757 1001 1799 101
1040 1760 1197 1799 ratione
1231 1759 1367 1800 otticii.
1409 1758 1466 1801 Ex
1505 1764 1619 1814 parte
1653 1762 1774 1802 etiam

142 1828 203 1869 sui
239 1828 366 1881 ipsius
401 1828 663 1869 manifestum
700 1831 759 1870 est
793 1828 901 1885 quod
939 1832 1050 1871 tanto
1073 1828 1224 1885 aliquis
1247 1831 1418 1885 gratius
1443 1835 1597 1885 peccat,
1623 1835 1777 1887 quanto

142 1895 455 1953 aliquis'magis
490 1899 527 1940 in
564 1900 828 1941 coniunctam
877 1912 1092 1954 perstmam
1133 1913 1203 1942 sau
1246 1900 1422 1942 naturali
1459 1901 1775 1952 necessitudine,

141 1980 212 2010 seu
249 1967 472 2017 beueticiis,
507 1982 577 2011 seu
612 1983 878 2027 quacumque
911 1973 1204 2013 coniunctione
1241 1974 1505 2027 peccaverit:
1541 1974 1635 2028 quia
1665 1972 1775 2015 vide-

143 2043 208 2081 tur
242 2041 278 2080 in
313 2041 493 2095 seipsum
530 2043 660 2096 magis
695 2054 867 2097 peecare
901 2041 1041 2098 (quein
1079 2044 1300 2098 praecipue
1331 2042 1455 2085 debet
1483 2042 1703 2100 diligere);
1739 2048 1777 2086 et

144 2122 216 2165 pro
250 2115 360 2152 tauto
393 2113 564 2166 gravius
600 2118 754 2167 peccat,
789 2113 1018 2155 secuudum
1057 2113 1154 2155 1111111
1181 2112 1327 2169 (Eccli.
1354 2112 1554 2170 ΧΙ1’.;1);
1594 2113 1676 2166 Qui
1698 2115 1778 2158 sibi

142 2193 317 2238 nequam
352 2187 426 2228 est,
451 2182 518 2224 em·
549 2181 677 2225 bonus
711 2183 824 2226 erit?
849 2199 869 2223 n
908 2182 1018 2226 Haec
1055 2188 1190 2226 tamen
1219 2186 1321 2226 ratio
1348 2189 1465 2239 urget
1489 2197 1567 2226 non
1601 2186 1777 2241 diguita-

142 2255 222 2294 teni
260 2251 368 2295 iltius
403 2266 601 2308 personae
640 2270 661 2293 «
685 2267 791 2311 quae
825 2254 976 2297 delicto
1010 2254 1233 2297 ott'enditur
1258 2270 1295 2306 1),
1330 2255 1400 2297 sed
1442 2270 1459 2295 (‹
1484 2255 1562 2298 alia
1583 2256 1776 2301 adiuncta

142 2326 414 2378 aggravantia
440 2340 478 2368 ›>.
516 2322 782 2382 Prosequitur
816 2326 1043 2381 Angetieus
1078 2325 1254 2368 Doctor:
1294 2340 1312 2366 ((
1340 2325 1397 2368 Ex
1425 2331 1539 2382 parte
1567 2340 1664 2370 vero
1691 2342 1779 2384 pro-

144 2395 241 2435 ximi
277 2399 388 2437 tanto
413 2397 584 2451 gravius
610 2402 818 2451 peccatur,
844 2402 996 2452 quanto
1023 2401 1238 2452 peccatum
1266 2397 1404 2452 piures
1429 2400 1584 2453 tangit2
1621 2404 1659 2441 et
1687 2399 1777 2442 ideo

145 2470 358 2520 peccatum
394 2466 501 2522 quod
539 2468 582 2508 tit
616 2468 653 2508 in
691 2480 907 2522 personam
944 2467 1167 2523 publicam,
1203 2472 1296 2522 puta
1334 2480 1488 2523 regem,
1528 2468 1589 2511 vel
1626 2471 1776 2524 princi-

144 2547 250 2590 pem,
285 2537 354 2592 qui
388 2538 493 2591 gerit
530 2550 747 2592 personam
783 2540 906 2581 totius
941 2537 1230 2586 multitudinis,
1255 2542 1313 2580 est
1338 2540 1509 2593 gravius
1532 2551 1656 2596 quam
1683 2553 1777 2595 pec-

142 2610 278 2648 catum
314 2607 422 2663 quod
458 2610 732 2650 committitur
753 2615 894 2651 contra
922 2622 1043 2651 11113111
1072 2621 1287 2664 personam
1314 2611 1534 2664 privatam,
1562 2610 1669 2653 unde
1691 2624 1780 2666 spe-

143 2676 302 2720 cialiter
335 2677 488 2720 dicitur
522 2678 685 2735 (Exodi,
721 2678 848 2734 xxii,
885 2680 984 2736 28):
1033 2678 1220 2736 l'rins‘t'pi
1260 2679 1410 2736 populi
1444 2681 1505 2721 lezi
1540 2694 1619 2723 non
1655 2681 1779 2724 male-

142 2746 284 2793 dices:
316 2752 353 2791 et
386 2749 577 2791 similiter
610 2751 759 2792 iniuria
794 2763 899 2807 quae
924 2751 965 2793 tit
991 2750 1113 2793 alicui
1146 2750 1327 2792 famosae
1363 2763 1576 2806 personae,
1615 2753 1779 2796 xidetur

264 2908 270 2927 ¹
300 2905 347 2938 D.
377 2905 545 2939 Thomas
572 2905 653 2945 I-II,
686 2917 721 2949 q.
754 2905 940 2945 LXXIII,
967 2917 1000 2939 a.
1027 2906 1061 2944 9,
1091 2917 1194 2950 corp.
