<?xml version="1.0" encoding="UTF-8"?>
<!DOCTYPE html PUBLIC "-//W3C//DTD XHTML 1.0 Transitional//EN"
    "http://www.w3.org/TR/xhtml1/DTD/xhtml1-transitional.dtd">
<html xmlns="http://www.w3.org/1999/xhtml" xml:lang="en" lang="en">
 <head>
  <title>
</title>
<meta http-equiv="Content-Type" content="text/html;charset=utf-8" />
  <meta name='ocr-system' content='tesseract 3.04.00' />
  <meta name='ocr-capabilities' content='ocr_page ocr_carea ocr_par ocr_line ocrx_word'/>
</head>
<body>
  <div class='ocr_page' id='page_1' title='image "./commentariumtext05blatuoft_0105.png"; bbox 0 0 1981 3182; ppageno 0'>
   <div class='ocr_carea' id='block_1_1' title="bbox 114 0 254 16">
    <p class='ocr_par' dir='ltr' id='par_1_1' title="bbox 114 0 254 16">
     <span class='ocr_line' id='line_1_1' title="bbox 114 0 254 16; baseline 0 -3"><span class='ocrx_word' id='word_1_1' title='bbox 114 0 178 16; x_wconf 30' lang='lat' dir='ltr'>IWJV</span> <span class='ocrx_word' id='word_1_2' title='bbox 211 6 214 8; x_wconf 97' lang='lat'>-</span> <span class='ocrx_word' id='word_1_3' title='bbox 243 0 254 5; x_wconf 78' lang='grc'><em>“</em></span> 
     </span>
    </p>
   </div>
   <div class='ocr_carea' id='block_1_2' title="bbox 110 14 133 29">
    <p class='ocr_par' dir='ltr' id='par_1_2' title="bbox 110 14 133 29">
     <span class='ocr_line' id='line_1_2' title="bbox 110 14 133 29; baseline 0 0"><span class='ocrx_word' id='word_1_4' title='bbox 110 14 133 29; x_wconf 73' lang='lat'>⁴.—</span> 
     </span>
    </p>
   </div>
   <div class='ocr_carea' id='block_1_3' title="bbox 132 131 1756 176">
    <p class='ocr_par' dir='ltr' id='par_1_3' title="bbox 132 131 1756 176">
     <span class='ocr_line' id='line_1_3' title="bbox 132 131 1756 176; baseline 0.001 -9"><span class='ocrx_word' id='word_1_5' title='bbox 132 131 226 167; x_wconf 81' lang='lat' dir='ltr'>Can.</span> <span class='ocrx_word' id='word_1_6' title='bbox 252 131 347 165; x_wconf 69' lang='lat'>2242</span> <span class='ocrx_word' id='word_1_7' title='bbox 538 131 622 164; x_wconf 77' lang='lat' dir='ltr'>Trr.</span> <span class='ocrx_word' id='word_1_8' title='bbox 650 131 760 165; x_wconf 90' lang='lat' dir='ltr'><strong>VIII.</strong></span> <span class='ocrx_word' id='word_1_9' title='bbox 782 151 793 156; x_wconf 86' lang='lat'>-</span> <span class='ocrx_word' id='word_1_10' title='bbox 812 131 869 165; x_wconf 83' lang='lat' dir='ltr'>De</span> <span class='ocrx_word' id='word_1_11' title='bbox 890 134 1027 176; x_wconf 75' lang='lat' dir='ltr'>poenis</span> <span class='ocrx_word' id='word_1_12' title='bbox 1052 133 1351 167; x_wconf 74' lang='lat' dir='ltr'><em>medicinalibus</em></span> <span class='ocrx_word' id='word_1_13' title='bbox 1711 134 1756 168; x_wconf 83' lang='lat'>93</span> 
     </span>
    </p>
   </div>
   <div class='ocr_carea' id='block_1_4' title="bbox 177 192 1756 198">
    <p class='ocr_par' dir='ltr' id='par_1_4' title="bbox 177 192 1756 198">
     <span class='ocr_line' id='line_1_4' title="bbox 177 192 1756 198; baseline 0 0"><span class='ocrx_word' id='word_1_14' title='bbox 177 192 1756 198; x_wconf 95' lang='lat' dir='ltr'> </span> 
     </span>
    </p>
   </div>
   <div class='ocr_carea' id='block_1_5' title="bbox 128 251 1760 1085">
    <p class='ocr_par' dir='ltr' id='par_1_5' title="bbox 128 251 1760 1085">
     <span class='ocr_line' id='line_1_5' title="bbox 253 251 1751 307; baseline 0.002 -15"><span class='ocrx_word' id='word_1_15' title='bbox 253 251 322 294; x_wconf 90' lang='grc'>66.</span> <span class='ocrx_word' id='word_1_16' title='bbox 360 252 597 296; x_wconf 76' lang='lat' dir='ltr'><strong>Delictum</strong></span> <span class='ocrx_word' id='word_1_17' title='bbox 633 265 840 297; x_wconf 84' lang='lat' dir='ltr'>censura</span> <span class='ocrx_word' id='word_1_18' title='bbox 873 252 1167 307; x_wconf 85' lang='lat' dir='ltr'>puniendum</span> <span class='ocrx_word' id='word_1_19' title='bbox 1202 256 1250 297; x_wconf 88' lang='lat' dir='ltr'>et</span> <span class='ocrx_word' id='word_1_20' title='bbox 1272 255 1333 298; x_wconf 89' lang='lat' dir='ltr'>de</span> <span class='ocrx_word' id='word_1_21' title='bbox 1357 256 1664 299; x_wconf 85' lang='lat' dir='ltr'>contumacia</span> <span class='ocrx_word' id='word_1_22' title='bbox 1687 254 1751 296; x_wconf 78' lang='lat' dir='ltr'>de-</span> 
     </span>
     <span class='ocr_line' id='line_1_6' title="bbox 134 321 1756 379; baseline 0.002 -15"><span class='ocrx_word' id='word_1_23' title='bbox 134 323 367 378; x_wconf 84' lang='lat' dir='ltr'>linquentis.</span> <span class='ocrx_word' id='word_1_24' title='bbox 401 321 501 365; x_wconf 87' lang='lat' dir='ltr'>Cum</span> <span class='ocrx_word' id='word_1_25' title='bbox 538 321 675 365; x_wconf 84' lang='lat' dir='ltr'>Codex</span> <span class='ocrx_word' id='word_1_26' title='bbox 712 335 877 364; x_wconf 88' lang='lat' dir='ltr'>normas</span> <span class='ocrx_word' id='word_1_27' title='bbox 915 321 966 364; x_wconf 88' lang='lat' dir='ltr'>de</span> <span class='ocrx_word' id='word_1_28' title='bbox 1010 325 1197 364; x_wconf 74' lang='lat' dir='ltr'>censuris</span> <span class='ocrx_word' id='word_1_29' title='bbox 1241 326 1421 378; x_wconf 88' lang='lat' dir='ltr'>imponat</span> <span class='ocrx_word' id='word_1_30' title='bbox 1465 324 1756 379; x_wconf 68' lang='lat' dir='ltr'>Superioribus</span> 
     </span>
     <span class='ocr_line' id='line_1_7' title="bbox 134 391 1756 452; baseline 0.002 -18"><span class='ocrx_word' id='word_1_31' title='bbox 134 393 237 434; x_wconf 82' lang='lat' dir='ltr'>intra</span> <span class='ocrx_word' id='word_1_32' title='bbox 273 391 388 435; x_wconf 86' lang='lat' dir='ltr'>Rom.</span> <span class='ocrx_word' id='word_1_33' title='bbox 425 392 678 442; x_wconf 68' lang='lat' dir='ltr'><strong>Pontificem,</strong></span> <span class='ocrx_word' id='word_1_34' title='bbox 702 394 791 435; x_wconf 71' lang='lat' dir='ltr'>sive</span> <span class='ocrx_word' id='word_1_35' title='bbox 816 392 951 448; x_wconf 84' lang='lat' dir='ltr'>legem</span> <span class='ocrx_word' id='word_1_36' title='bbox 977 394 1065 434; x_wconf 73' lang='lat' dir='ltr'>sive</span> <span class='ocrx_word' id='word_1_37' title='bbox 1091 397 1356 448; x_wconf 89' lang='lat' dir='ltr'>praeceptum</span> <span class='ocrx_word' id='word_1_38' title='bbox 1382 393 1421 435; x_wconf 88' lang='lat' dir='ltr'>hi</span> <span class='ocrx_word' id='word_1_39' title='bbox 1457 395 1600 445; x_wconf 82' lang='lat' dir='ltr'>serant,</span> <span class='ocrx_word' id='word_1_40' title='bbox 1634 400 1756 452; x_wconf 84' lang='lat' dir='ltr'>atque</span> 
     </span>
     <span class='ocr_line' id='line_1_8' title="bbox 133 462 1754 522; baseline 0.001 -17"><span class='ocrx_word' id='word_1_41' title='bbox 133 462 352 512; x_wconf 79' lang='lat' dir='ltr'>iudicibus,</span> <span class='ocrx_word' id='word_1_42' title='bbox 377 462 521 505; x_wconf 85' lang='lat' dir='ltr'>edocet</span> <span class='ocrx_word' id='word_1_43' title='bbox 555 463 652 518; x_wconf 72' lang='lat' dir='ltr'>quid</span> <span class='ocrx_word' id='word_1_44' title='bbox 689 475 863 505; x_wconf 75' lang='lat' dir='ltr'>censura</span> <span class='ocrx_word' id='word_1_45' title='bbox 889 465 1023 518; x_wconf 86' lang='lat' dir='ltr'>puniri</span> <span class='ocrx_word' id='word_1_46' title='bbox 1050 468 1234 518; x_wconf 73' lang='lat' dir='ltr'>oporteat</span> <span class='ocrx_word' id='word_1_47' title='bbox 1263 462 1518 507; x_wconf 54' lang='lat' dir='ltr'>FanAEQE.</span> <span class='ocrx_word' id='word_1_48' title='bbox 1558 465 1629 522; x_wconf 64' lang='lat'>31</span> <span class='ocrx_word' id='word_1_49' title='bbox 1657 466 1754 508; x_wconf 80' lang='lat' dir='ltr'>t&#39;en-</span> 
     </span>
     <span class='ocr_line' id='line_1_9' title="bbox 131 533 1755 591; baseline 0.002 -15"><span class='ocrx_word' id='word_1_50' title='bbox 131 547 231 576; x_wconf 75' lang='lat' dir='ltr'>sura</span> <span class='ocrx_word' id='word_1_51' title='bbox 271 549 289 573; x_wconf 56' lang='grc' dir='ltr'>(ι</span> <span class='ocrx_word' id='word_1_52' title='bbox 315 533 465 576; x_wconf 88' lang='lat' dir='ltr'>delicto</span> <span class='ocrx_word' id='word_1_53' title='bbox 501 536 852 589; x_wconf 85' lang='lat' dir='ltr'>proportionata»</span> <span class='ocrx_word' id='word_1_54' title='bbox 891 538 1001 585; x_wconf 82' lang='lat' dir='ltr'>(can.</span> <span class='ocrx_word' id='word_1_55' title='bbox 1036 533 1204 587; x_wconf 51' lang='lat' dir='ltr'>mag</span> <span class='ocrx_word' id='word_1_56' title='bbox 1242 533 1281 590; x_wconf 87' lang='lat' dir='ltr'>l)</span> <span class='ocrx_word' id='word_1_57' title='bbox 1313 534 1491 591; x_wconf 67' lang='lat' dir='ltr'>partitur</span> <span class='ocrx_word' id='word_1_58' title='bbox 1516 538 1552 577; x_wconf 90' lang='lat' dir='ltr'>in</span> <span class='ocrx_word' id='word_1_59' title='bbox 1579 536 1682 591; x_wconf 70' lang='lat' dir='ltr'>lege,</span> <span class='ocrx_word' id='word_1_60' title='bbox 1706 536 1755 579; x_wconf 88' lang='lat' dir='ltr'>ad</span> 
     </span>
     <span class='ocr_line' id='line_1_10' title="bbox 132 604 1755 661; baseline 0.001 -14"><span class='ocrx_word' id='word_1_61' title='bbox 132 604 560 660; x_wconf 69' lang='lat' dir='ltr'>modum&#39;piaecepti,</span> <span class='ocrx_word' id='word_1_62' title='bbox 599 604 660 646; x_wconf 67' lang='lat' dir='ltr'>vel</span> <span class='ocrx_word' id='word_1_63' title='bbox 697 607 734 646; x_wconf 90' lang='lat' dir='ltr'>in</span> <span class='ocrx_word' id='word_1_64' title='bbox 771 605 936 648; x_wconf 73' lang='lat' dir='ltr'>ludit-io.</span> <span class='ocrx_word' id='word_1_65' title='bbox 975 604 1275 659; x_wconf 73' lang='lat' dir='ltr'>tantummodo,</span> <span class='ocrx_word' id='word_1_66' title='bbox 1302 607 1352 647; x_wconf 88' lang='lat' dir='ltr'>ita</span> <span class='ocrx_word' id='word_1_67' title='bbox 1396 610 1435 648; x_wconf 89' lang='lat' dir='ltr'>ut</span> <span class='ocrx_word' id='word_1_68' title='bbox 1475 606 1552 648; x_wconf 86' lang='lat' dir='ltr'>alia</span> <span class='ocrx_word' id='word_1_69' title='bbox 1591 612 1755 661; x_wconf 86' lang='lat' dir='ltr'>peccata</span> 
     </span>
     <span class='ocr_line' id='line_1_11' title="bbox 132 674 1755 731; baseline 0.001 -14"><span class='ocrx_word' id='word_1_70' title='bbox 132 674 424 727; x_wconf 81' lang='lat' dir='ltr'>excludantur,</span> <span class='ocrx_word' id='word_1_71' title='bbox 457 687 579 731; x_wconf 79' lang='lat' dir='ltr'>quae,</span> <span class='ocrx_word' id='word_1_72' title='bbox 612 676 718 717; x_wconf 86' lang='lat' dir='ltr'>sicut</span> <span class='ocrx_word' id='word_1_73' title='bbox 751 676 873 716; x_wconf 85' lang='lat' dir='ltr'>etiam</span> <span class='ocrx_word' id='word_1_74' title='bbox 909 676 939 716; x_wconf 84' lang='lat' dir='ltr'>si</span> <span class='ocrx_word' id='word_1_75' title='bbox 976 674 1141 716; x_wconf 86' lang='lat' dir='ltr'>deliciat</span> <span class='ocrx_word' id='word_1_76' title='bbox 1176 676 1212 716; x_wconf 89' lang='lat' dir='ltr'>in</span> <span class='ocrx_word' id='word_1_77' title='bbox 1257 674 1408 717; x_wconf 79' lang='lat' dir='ltr'>delicto</span> <span class='ocrx_word' id='word_1_78' title='bbox 1443 674 1577 731; x_wconf 78' lang='lat' dir='ltr'>aliqua</span> <span class='ocrx_word' id='word_1_79' title='bbox 1616 675 1755 718; x_wconf 82' lang='lat' dir='ltr'>subse-</span> 
     </span>
     <span class='ocr_line' id='line_1_12' title="bbox 130 744 1757 802; baseline 0 -14"><span class='ocrx_word' id='word_1_80' title='bbox 130 758 260 802; x_wconf 88' lang='lat' dir='ltr'>quens</span> <span class='ocrx_word' id='word_1_81' title='bbox 278 744 474 799; x_wconf 85' lang='lat' dir='ltr'>conditio,</span> <span class='ocrx_word' id='word_1_82' title='bbox 495 744 570 787; x_wconf 77' lang='lat' dir='ltr'>lioc</span> <span class='ocrx_word' id='word_1_83' title='bbox 594 744 654 787; x_wconf 73' lang='lat' dir='ltr'>vel</span> <span class='ocrx_word' id='word_1_84' title='bbox 678 744 742 786; x_wconf 86' lang='lat' dir='ltr'>illa</span> <span class='ocrx_word' id='word_1_85' title='bbox 765 758 842 786; x_wconf 91' lang='lat' dir='ltr'>non</span> <span class='ocrx_word' id='word_1_86' title='bbox 871 746 1098 800; x_wconf 85' lang='lat' dir='ltr'>puniuntur</span> <span class='ocrx_word' id='word_1_87' title='bbox 1121 758 1309 793; x_wconf 74' lang='lat' dir='ltr'>censura,</span> <span class='ocrx_word' id='word_1_88' title='bbox 1335 758 1405 787; x_wconf 86' lang='lat' dir='ltr'>seu</span> <span class='ocrx_word' id='word_1_89' title='bbox 1431 745 1539 801; x_wconf 83' lang='lat' dir='ltr'>quod</span> <span class='ocrx_word' id='word_1_90' title='bbox 1567 745 1673 788; x_wconf 89' lang='lat' dir='ltr'>idem</span> <span class='ocrx_word' id='word_1_91' title='bbox 1699 751 1757 788; x_wconf 86' lang='lat' dir='ltr'>est</span> 
     </span>
     <span class='ocr_line' id='line_1_13' title="bbox 130 814 1755 872; baseline 0.001 -14"><span class='ocrx_word' id='word_1_92' title='bbox 130 827 301 858; x_wconf 77' lang='lat' dir='ltr'>censura</span> <span class='ocrx_word' id='word_1_93' title='bbox 337 817 415 857; x_wconf 86' lang='lat' dir='ltr'>erit</span> <span class='ocrx_word' id='word_1_94' title='bbox 448 814 559 858; x_wconf 86' lang='lat' dir='ltr'>nulla</span> <span class='ocrx_word' id='word_1_95' title='bbox 597 820 634 857; x_wconf 91' lang='lat' dir='ltr'>et</span> <span class='ocrx_word' id='word_1_96' title='bbox 669 816 798 868; x_wconf 74' lang='lat' dir='ltr'>irrita,</span> <span class='ocrx_word' id='word_1_97' title='bbox 833 819 958 872; x_wconf 82' lang='lat' dir='ltr'>atque</span> <span class='ocrx_word' id='word_1_98' title='bbox 992 815 1164 870; x_wconf 77' lang='lat' dir='ltr'>proinde</span> <span class='ocrx_word' id='word_1_99' title='bbox 1201 817 1237 857; x_wconf 89' lang='lat' dir='ltr'>in</span> <span class='ocrx_word' id='word_1_100' title='bbox 1263 828 1419 858; x_wconf 81' lang='lat' dir='ltr'>camme</span> <span class='ocrx_word' id='word_1_101' title='bbox 1445 816 1622 871; x_wconf 84' lang='lat' dir='ltr'>idipsum</span> <span class='ocrx_word' id='word_1_102' title='bbox 1653 832 1672 855; x_wconf 68' lang='grc' dir='ltr'>ι(</span> <span class='ocrx_word' id='word_1_103' title='bbox 1696 830 1755 859; x_wconf 87' lang='lat' dir='ltr'>ae-</span> 
     </span>
     <span class='ocr_line' id='line_1_14' title="bbox 131 885 1759 943; baseline 0.001 -15"><span class='ocrx_word' id='word_1_104' title='bbox 131 885 395 943; x_wconf 78' lang='lat' dir='ltr'>quivalenter</span> <span class='ocrx_word' id='word_1_105' title='bbox 427 888 621 928; x_wconf 87' lang='lat' dir='ltr'>statuitur</span> <span class='ocrx_word' id='word_1_106' title='bbox 645 901 664 925; x_wconf 85' lang='grc'>))</span> <span class='ocrx_word' id='word_1_107' title='bbox 705 885 812 942; x_wconf 77' lang='lat' dir='ltr'>(ran.</span> <span class='ocrx_word' id='word_1_108' title='bbox 856 885 938 942; x_wconf 85' lang='lat' dir='ltr'>tl).</span> <span class='ocrx_word' id='word_1_109' title='bbox 974 885 1141 928; x_wconf 79' lang='lat' dir='ltr'>Materia</span> <span class='ocrx_word' id='word_1_110' title='bbox 1178 900 1276 941; x_wconf 76' lang='lat' dir='ltr'>ergo</span> <span class='ocrx_word' id='word_1_111' title='bbox 1311 899 1513 930; x_wconf 70' lang='lat' dir='ltr'>censurae</span> <span class='ocrx_word' id='word_1_112' title='bbox 1547 892 1607 929; x_wconf 88' lang='lat' dir='ltr'>est</span> <span class='ocrx_word' id='word_1_113' title='bbox 1630 887 1670 943; x_wconf 87' lang='lat' dir='ltr'>a)</span> <span class='ocrx_word' id='word_1_114' title='bbox 1695 887 1759 929; x_wconf 79' lang='lat' dir='ltr'>(te-</span> 
     </span>
     <span class='ocr_line' id='line_1_15' title="bbox 131 955 1753 1013; baseline -0.001 -14"><span class='ocrx_word' id='word_1_115' title='bbox 131 955 287 1008; x_wconf 76' lang='lat' dir='ltr'>lictmn,</span> <span class='ocrx_word' id='word_1_116' title='bbox 321 961 361 999; x_wconf 92' lang='lat' dir='ltr'>et</span> <span class='ocrx_word' id='word_1_117' title='bbox 395 958 489 1013; x_wconf 83' lang='lat' dir='ltr'>quia</span> <span class='ocrx_word' id='word_1_118' title='bbox 523 970 653 999; x_wconf 87' lang='lat' dir='ltr'>canon</span> <span class='ocrx_word' id='word_1_119' title='bbox 694 972 713 996; x_wconf 68' lang='grc' dir='ltr'>(ι</span> <span class='ocrx_word' id='word_1_120' title='bbox 738 956 971 1012; x_wconf 89' lang='lat' dir='ltr'>applicatur</span> <span class='ocrx_word' id='word_1_121' title='bbox 1003 959 1125 999; x_wconf 88' lang='lat' dir='ltr'>etiam</span> <span class='ocrx_word' id='word_1_122' title='bbox 1165 957 1456 1000; x_wconf 61' lang='lat' dir='ltr'>violationibus</span> <span class='ocrx_word' id='word_1_123' title='bbox 1502 961 1707 1013; x_wconf 84' lang='lat' dir='ltr'>praecepti</span> <span class='ocrx_word' id='word_1_124' title='bbox 1736 975 1753 998; x_wconf 64' lang='lat'>³)</span> 
     </span>
     <span class='ocr_line' id='line_1_16' title="bbox 128 1026 1760 1085; baseline 0.001 -15"><span class='ocrx_word' id='word_1_125' title='bbox 128 1031 232 1079; x_wconf 88' lang='lat' dir='ltr'>(can.</span> <span class='ocrx_word' id='word_1_126' title='bbox 256 1027 383 1080; x_wconf 67' lang='lat'>2195,</span> <span class='ocrx_word' id='word_1_127' title='bbox 401 1027 429 1085; x_wconf 64' lang='grc' dir='ltr'>ἓ</span> <span class='ocrx_word' id='word_1_128' title='bbox 449 1027 506 1083; x_wconf 84' lang='grc'>2),</span> <span class='ocrx_word' id='word_1_129' title='bbox 531 1027 630 1069; x_wconf 88' lang='lat' dir='ltr'>dum</span> <span class='ocrx_word' id='word_1_130' title='bbox 657 1027 708 1070; x_wconf 83' lang='lat' dir='ltr'>ibi</span> <span class='ocrx_word' id='word_1_131' title='bbox 736 1030 772 1069; x_wconf 89' lang='lat' dir='ltr'>in</span> <span class='ocrx_word' id='word_1_132' title='bbox 800 1032 823 1078; x_wconf 78' lang='lat'>3</span> <span class='ocrx_word' id='word_1_133' title='bbox 848 1026 886 1068; x_wconf 87' lang='grc' dir='ltr'>1Ο</span> <span class='ocrx_word' id='word_1_134' title='bbox 913 1027 1196 1070; x_wconf 80' lang='lat' dir='ltr'>tantummodo</span> <span class='ocrx_word' id='word_1_135' title='bbox 1221 1032 1313 1069; x_wconf 86' lang='lat' dir='ltr'>sunt</span> <span class='ocrx_word' id='word_1_136' title='bbox 1341 1030 1468 1083; x_wconf 83' lang='lat' dir='ltr'>posita</span> <span class='ocrx_word' id='word_1_137' title='bbox 1498 1028 1622 1071; x_wconf 78' lang='lat' dir='ltr'>verba</span> <span class='ocrx_word' id='word_1_138' title='bbox 1653 1044 1673 1068; x_wconf 82' lang='lat'>«</span> <span class='ocrx_word' id='word_1_139' title='bbox 1693 1042 1760 1071; x_wconf 81' lang='lat' dir='ltr'>ex-</span> 
     </span>
    </p>
   </div>
   <div class='ocr_carea' id='block_1_6' title="bbox 68 1098 1757 1154">
    <p class='ocr_par' dir='ltr' id='par_1_6' title="bbox 68 1098 1757 1154">
     <span class='ocr_line' id='line_1_17' title="bbox 68 1098 1757 1154; baseline 0.001 -14"><span class='ocrx_word' id='word_1_140' title='bbox 68 1101 71 1103; x_wconf 73' lang='grc'><strong><em>’</em></strong></span> <span class='ocrx_word' id='word_1_141' title='bbox 134 1102 248 1141; x_wconf 87' lang='lat' dir='ltr'>terna</span> <span class='ocrx_word' id='word_1_142' title='bbox 283 1103 322 1141; x_wconf 88' lang='lat' dir='ltr'>et</span> <span class='ocrx_word' id='word_1_143' title='bbox 356 1098 569 1141; x_wconf 86' lang='lat' dir='ltr'>moraliter</span> <span class='ocrx_word' id='word_1_144' title='bbox 602 1098 856 1154; x_wconf 83' lang='lat' dir='ltr'>imputabilis</span> <span class='ocrx_word' id='word_1_145' title='bbox 880 1114 920 1151; x_wconf 64' lang='lat' dir='ltr'>n,</span> <span class='ocrx_word' id='word_1_146' title='bbox 954 1111 1032 1140; x_wconf 91' lang='lat' dir='ltr'>non</span> <span class='ocrx_word' id='word_1_147' title='bbox 1069 1100 1141 1140; x_wconf 85' lang='lat' dir='ltr'>t&#39;uit</span> <span class='ocrx_word' id='word_1_148' title='bbox 1180 1111 1330 1141; x_wconf 72' lang='lat' dir='ltr'>vanum</span> <span class='ocrx_word' id='word_1_149' title='bbox 1366 1098 1520 1142; x_wconf 78' lang='lat' dir='ltr'>addere</span> <span class='ocrx_word' id='word_1_150' title='bbox 1544 1098 1610 1142; x_wconf 85' lang='lat' dir='ltr'>hic</span> <span class='ocrx_word' id='word_1_151' title='bbox 1635 1101 1757 1142; x_wconf 86' lang='lat' dir='ltr'>ctiam</span> 
     </span>
    </p>
   </div>
   <div class='ocr_carea' id='block_1_7' title="bbox 129 1168 1761 2927">
    <p class='ocr_par' dir='ltr' id='par_1_7' title="bbox 129 1168 1761 2927">
     <span class='ocr_line' id='line_1_18' title="bbox 134 1168 1756 1226; baseline 0.001 -14"><span class='ocrx_word' id='word_1_152' title='bbox 134 1168 174 1225; x_wconf 82' lang='lat' dir='ltr'>b)</span> <span class='ocrx_word' id='word_1_153' title='bbox 209 1174 441 1220; x_wconf 64' lang='lat' dir='ltr'>externum,</span> <span class='ocrx_word' id='word_1_154' title='bbox 474 1183 556 1226; x_wconf 79' lang='lat' dir='ltr'>quo</span> <span class='ocrx_word' id='word_1_155' title='bbox 604 1169 729 1212; x_wconf 76' lang='lat' dir='ltr'>verbo</span> <span class='ocrx_word' id='word_1_156' title='bbox 774 1171 972 1221; x_wconf 73' lang='lat' dir='ltr'>innnitur,</span> <span class='ocrx_word' id='word_1_157' title='bbox 1013 1182 1091 1211; x_wconf 92' lang='lat' dir='ltr'>non</span> <span class='ocrx_word' id='word_1_158' title='bbox 1135 1170 1325 1212; x_wconf 79' lang='lat' dir='ltr'>sullicere</span> <span class='ocrx_word' id='word_1_159' title='bbox 1369 1170 1417 1212; x_wconf 85' lang='lat' dir='ltr'>ad</span> <span class='ocrx_word' id='word_1_160' title='bbox 1464 1171 1756 1213; x_wconf 71' lang='lat' dir='ltr'>incurrendam</span> 
     </span>
     <span class='ocr_line' id='line_1_19' title="bbox 131 1240 1756 1297; baseline 0.001 -14"><span class='ocrx_word' id='word_1_161' title='bbox 131 1254 348 1284; x_wconf 74' lang='lat' dir='ltr'>censuram</span> <span class='ocrx_word' id='word_1_162' title='bbox 389 1241 640 1283; x_wconf 71' lang='lat' dir='ltr'>voluntatem</span> <span class='ocrx_word' id='word_1_163' title='bbox 676 1240 947 1283; x_wconf 79' lang='lat' dir='ltr'>deliberatam</span> <span class='ocrx_word' id='word_1_164' title='bbox 988 1240 1271 1297; x_wconf 74' lang='lat' dir='ltr'>delinquendi,</span> <span class='ocrx_word' id='word_1_165' title='bbox 1309 1254 1382 1283; x_wconf 88' lang='lat' dir='ltr'>nec</span> <span class='ocrx_word' id='word_1_166' title='bbox 1428 1247 1648 1296; x_wconf 83' lang='lat' dir='ltr'>praecepta</span> <span class='ocrx_word' id='word_1_167' title='bbox 1692 1255 1756 1284; x_wconf 86' lang='lat' dir='ltr'>ac-</span> 
     </span>
     <span class='ocr_line' id='line_1_20' title="bbox 132 1311 1759 1369; baseline -0.001 -14"><span class='ocrx_word' id='word_1_168' title='bbox 132 1317 246 1355; x_wconf 89' lang='lat' dir='ltr'>tuum</span> <span class='ocrx_word' id='word_1_169' title='bbox 265 1315 535 1365; x_wconf 68' lang='lat' dir='ltr'>internorum,</span> <span class='ocrx_word' id='word_1_170' title='bbox 556 1312 722 1369; x_wconf 74' lang='lat' dir='ltr'>quando</span> <span class='ocrx_word' id='word_1_171' title='bbox 741 1313 829 1355; x_wconf 87' lang='lat' dir='ltr'>dari</span> <span class='ocrx_word' id='word_1_172' title='bbox 850 1316 1016 1368; x_wconf 71' lang='lat' dir='ltr'>queant,</span> <span class='ocrx_word' id='word_1_173' title='bbox 1036 1314 1223 1354; x_wconf 71' lang='lat' dir='ltr'>censuris</span> <span class='ocrx_word' id='word_1_174' title='bbox 1244 1314 1391 1354; x_wconf 86' lang='lat' dir='ltr'>muniri</span> <span class='ocrx_word' id='word_1_175' title='bbox 1415 1325 1548 1367; x_wconf 80' lang='lat' dir='ltr'>posse,</span> <span class='ocrx_word' id='word_1_176' title='bbox 1566 1311 1759 1369; x_wconf 57' lang='lat' dir='ltr'>emrare,</span> 
     </span>
     <span class='ocr_line' id='line_1_21' title="bbox 133 1382 1757 1440; baseline 0 -14"><span class='ocrx_word' id='word_1_177' title='bbox 133 1387 218 1426; x_wconf 88' lang='lat' dir='ltr'>tum</span> <span class='ocrx_word' id='word_1_178' title='bbox 253 1383 388 1440; x_wconf 80' lang='lat' dir='ltr'>quoad</span> <span class='ocrx_word' id='word_1_179' title='bbox 424 1383 603 1438; x_wconf 74' lang='lat' dir='ltr'>culpam,</span> <span class='ocrx_word' id='word_1_180' title='bbox 639 1387 724 1425; x_wconf 88' lang='lat' dir='ltr'>tum</span> <span class='ocrx_word' id='word_1_181' title='bbox 759 1383 895 1440; x_wconf 77' lang='lat' dir='ltr'>‹pload</span> <span class='ocrx_word' id='word_1_182' title='bbox 922 1385 1136 1425; x_wconf 86' lang='lat' dir='ltr'>materiam</span> <span class='ocrx_word' id='word_1_183' title='bbox 1165 1382 1266 1438; x_wconf 83' lang='lat' dir='ltr'>legis</span> <span class='ocrx_word' id='word_1_184' title='bbox 1294 1383 1353 1423; x_wconf 64' lang='lat' dir='ltr'>iol</span> <span class='ocrx_word' id='word_1_185' title='bbox 1383 1386 1588 1439; x_wconf 75' lang='lat' dir='ltr'>praecepti</span> <span class='ocrx_word' id='word_1_186' title='bbox 1613 1386 1757 1426; x_wconf 89' lang='lat' dir='ltr'>saltem</span> 
     </span>
     <span class='ocr_line' id='line_1_22' title="bbox 135 1440 1757 1510; baseline 0.001 -14"><span class='ocrx_word' id='word_1_187' title='bbox 135 1466 183 1496; x_wconf 80' lang='lat' dir='ltr'>ex</span> <span class='ocrx_word' id='word_1_188' title='bbox 219 1454 544 1496; x_wconf 71' lang='lat' dir='ltr'>circumstantiis</span> <span class='ocrx_word' id='word_1_189' title='bbox 578 1454 712 1510; x_wconf 75' lang='lat' dir='ltr'>quoad</span> <span class='ocrx_word' id='word_1_190' title='bbox 750 1440 893 1495; x_wconf 74' lang='lat' dir='ltr'>(nunes</span> <span class='ocrx_word' id='word_1_191' title='bbox 926 1453 1232 1502; x_wconf 80' lang='lat' dir='ltr'>communibus,</span> <span class='ocrx_word' id='word_1_192' title='bbox 1268 1456 1320 1496; x_wconf 89' lang='lat' dir='ltr'>ita</span> <span class='ocrx_word' id='word_1_193' title='bbox 1357 1458 1397 1496; x_wconf 91' lang='lat' dir='ltr'>nt</span> <span class='ocrx_word' id='word_1_194' title='bbox 1431 1456 1462 1495; x_wconf 77' lang='lat' dir='ltr'>si</span> <span class='ocrx_word' id='word_1_195' title='bbox 1499 1468 1576 1497; x_wconf 90' lang='lat' dir='ltr'>una</span> <span class='ocrx_word' id='word_1_196' title='bbox 1616 1454 1676 1497; x_wconf 73' lang='lat' dir='ltr'>vel</span> <span class='ocrx_word' id='word_1_197' title='bbox 1702 1454 1757 1497; x_wconf 85' lang='lat' dir='ltr'>al-</span> 
     </span>
     <span class='ocr_line' id='line_1_23' title="bbox 134 1523 1757 1581; baseline 0.001 -15"><span class='ocrx_word' id='word_1_198' title='bbox 134 1528 218 1566; x_wconf 90' lang='lat' dir='ltr'>tera</span> <span class='ocrx_word' id='word_1_199' title='bbox 252 1524 357 1566; x_wconf 88' lang='lat' dir='ltr'>desit</span> <span class='ocrx_word' id='word_1_200' title='bbox 391 1526 590 1580; x_wconf 57' lang='lat' dir='ltr'>grauitas,</span> <span class='ocrx_word' id='word_1_201' title='bbox 624 1537 798 1567; x_wconf 79' lang='lat' dir='ltr'>censura</span> <span class='ocrx_word' id='word_1_202' title='bbox 836 1538 913 1566; x_wconf 94' lang='lat' dir='ltr'>non</span> <span class='ocrx_word' id='word_1_203' title='bbox 941 1526 1190 1571; x_wconf 81' lang='lat' dir='ltr'>incurratur,</span> <span class='ocrx_word' id='word_1_204' title='bbox 1216 1523 1260 1581; x_wconf 93' lang='lat' dir='ltr'>d)</span> <span class='ocrx_word' id='word_1_205' title='bbox 1285 1531 1614 1567; x_wconf 72' lang='lat' dir='ltr'>eonsznnmatam</span> <span class='ocrx_word' id='word_1_206' title='bbox 1641 1525 1757 1569; x_wconf 79' lang='lat' dir='ltr'>idest:</span> 
     </span>
     <span class='ocr_line' id='line_1_24' title="bbox 132 1594 1757 1652; baseline 0.001 -15"><span class='ocrx_word' id='word_1_207' title='bbox 132 1594 382 1650; x_wconf 88' lang='lat' dir='ltr'>completum</span> <span class='ocrx_word' id='word_1_208' title='bbox 417 1595 646 1637; x_wconf 87' lang='lat' dir='ltr'>secundum</span> <span class='ocrx_word' id='word_1_209' title='bbox 673 1597 885 1651; x_wconf 87' lang='lat' dir='ltr'>proprium</span> <span class='ocrx_word' id='word_1_210' title='bbox 918 1594 1019 1650; x_wconf 75' lang='lat' dir='ltr'>legis</span> <span class='ocrx_word' id='word_1_211' title='bbox 1046 1594 1106 1637; x_wconf 61' lang='lat' dir='ltr'>x‘el</span> <span class='ocrx_word' id='word_1_212' title='bbox 1135 1597 1344 1651; x_wconf 82' lang='lat' dir='ltr'>praecepti</span> <span class='ocrx_word' id='word_1_213' title='bbox 1381 1600 1579 1638; x_wconf 88' lang='lat' dir='ltr'>tenorem.</span> <span class='ocrx_word' id='word_1_214' title='bbox 1604 1595 1643 1652; x_wconf 84' lang='lat' dir='ltr'>e)</span> <span class='ocrx_word' id='word_1_215' title='bbox 1670 1610 1757 1638; x_wconf 77' lang='lat' dir='ltr'>enm</span> 
     </span>
     <span class='ocr_line' id='line_1_25' title="bbox 131 1666 1760 1723; baseline 0.001 -16"><span class='ocrx_word' id='word_1_216' title='bbox 131 1666 393 1707; x_wconf 73' lang='lat' dir='ltr'>contumacia</span> <span class='ocrx_word' id='word_1_217' title='bbox 429 1670 466 1708; x_wconf 90' lang='lat' dir='ltr'>in</span> <span class='ocrx_word' id='word_1_218' title='bbox 502 1669 590 1709; x_wconf 80' lang='lat' dir='ltr'>eins</span> <span class='ocrx_word' id='word_1_219' title='bbox 623 1668 916 1709; x_wconf 78' lang='lat' dir='ltr'>commissione</span> <span class='ocrx_word' id='word_1_220' title='bbox 954 1666 1014 1708; x_wconf 75' lang='lat' dir='ltr'>vet</span> <span class='ocrx_word' id='word_1_221' title='bbox 1050 1666 1244 1723; x_wconf 67' lang='lat' dir='ltr'>sequelis,</span> <span class='ocrx_word' id='word_1_222' title='bbox 1278 1671 1346 1709; x_wconf 89' lang='lat' dir='ltr'>aut</span> <span class='ocrx_word' id='word_1_223' title='bbox 1385 1666 1528 1709; x_wconf 85' lang='lat' dir='ltr'>saltem</span> <span class='ocrx_word' id='word_1_224' title='bbox 1562 1669 1760 1722; x_wconf 90' lang='lat' dir='ltr'>impoeni—</span> 
     </span>
     <span class='ocr_line' id='line_1_26' title="bbox 131 1736 1760 1795; baseline 0.002 -17"><span class='ocrx_word' id='word_1_225' title='bbox 131 1739 254 1779; x_wconf 83' lang='lat' dir='ltr'>tentia</span> <span class='ocrx_word' id='word_1_226' title='bbox 290 1736 568 1782; x_wconf 71' lang='lat' dir='ltr'>eonz&#39;emetum.</span> <span class='ocrx_word' id='word_1_227' title='bbox 606 1742 647 1779; x_wconf 91' lang='lat' dir='ltr'>ut</span> <span class='ocrx_word' id='word_1_228' title='bbox 682 1742 820 1793; x_wconf 88' lang='lat' dir='ltr'>postea</span> <span class='ocrx_word' id='word_1_229' title='bbox 857 1737 932 1781; x_wconf 81' lang='lat' dir='ltr'>lioc</span> <span class='ocrx_word' id='word_1_230' title='bbox 968 1740 1004 1779; x_wconf 91' lang='lat' dir='ltr'>in</span> <span class='ocrx_word' id='word_1_231' title='bbox 1041 1751 1198 1780; x_wconf 80' lang='lat' dir='ltr'>canone</span> <span class='ocrx_word' id='word_1_232' title='bbox 1222 1740 1465 1793; x_wconf 83' lang='lat' dir='ltr'>exponitur:</span> <span class='ocrx_word' id='word_1_233' title='bbox 1507 1737 1760 1795; x_wconf 82' lang='lat' dir='ltr'>explicitque</span> 
     </span>
     <span class='ocr_line' id='line_1_27' title="bbox 130 1808 1758 1865; baseline 0 -15"><span class='ocrx_word' id='word_1_234' title='bbox 130 1819 260 1850; x_wconf 87' lang='lat' dir='ltr'>canon</span> <span class='ocrx_word' id='word_1_235' title='bbox 298 1809 521 1849; x_wconf 86' lang='lat' dir='ltr'>monitione</span> <span class='ocrx_word' id='word_1_236' title='bbox 554 1810 765 1865; x_wconf 70' lang='lat' dir='ltr'>sequenti:</span> <span class='ocrx_word' id='word_1_237' title='bbox 800 1813 937 1863; x_wconf 75' lang='lat' dir='ltr'>polest</span> <span class='ocrx_word' id='word_1_238' title='bbox 971 1814 1107 1850; x_wconf 72' lang='lat' dir='ltr'>nutent</span> <span class='ocrx_word' id='word_1_239' title='bbox 1141 1808 1248 1865; x_wconf 71' lang='lat' dir='ltr'>ferri</span> <span class='ocrx_word' id='word_1_240' title='bbox 1285 1822 1475 1852; x_wconf 69' lang='lat' dir='ltr'>censum.</span> <span class='ocrx_word' id='word_1_241' title='bbox 1498 1822 1575 1851; x_wconf 92' lang='lat' dir='ltr'>non</span> <span class='ocrx_word' id='word_1_242' title='bbox 1601 1813 1758 1851; x_wconf 81' lang='lat' dir='ltr'>tantum</span> 
     </span>
     <span class='ocr_line' id='line_1_28' title="bbox 132 1877 1759 1936; baseline 0.001 -16"><span class='ocrx_word' id='word_1_243' title='bbox 132 1879 220 1920; x_wconf 87' lang='lat' dir='ltr'>iure</span> <span class='ocrx_word' id='word_1_244' title='bbox 252 1878 322 1921; x_wconf 89' lang='lat' dir='ltr'>sed</span> <span class='ocrx_word' id='word_1_245' title='bbox 358 1877 409 1921; x_wconf 87' lang='lat' dir='ltr'>ab</span> <span class='ocrx_word' id='word_1_246' title='bbox 444 1878 609 1921; x_wconf 86' lang='lat' dir='ltr'>homine</span> <span class='ocrx_word' id='word_1_247' title='bbox 644 1878 685 1920; x_wconf 74' lang='lat' dir='ltr'>in</span> <span class='ocrx_word' id='word_1_248' title='bbox 720 1878 1010 1936; x_wconf 77' lang='lat' dir='ltr'>delinquentes</span> <span class='ocrx_word' id='word_1_249' title='bbox 1035 1878 1169 1935; x_wconf 78' lang='lat' dir='ltr'>‹pioad</span> <span class='ocrx_word' id='word_1_250' title='bbox 1197 1892 1392 1934; x_wconf 70' lang='lat' dir='ltr'>personas</span> <span class='ocrx_word' id='word_1_251' title='bbox 1418 1879 1594 1935; x_wconf 59' lang='lat' dir='ltr'>tyriotes</span> <span class='ocrx_word' id='word_1_252' title='bbox 1616 1878 1759 1921; x_wconf 85' lang='lat' dir='ltr'>Exem-</span> 
     </span>
     <span class='ocr_line' id='line_1_29' title="bbox 134 1947 1758 2006; baseline 0 -16"><span class='ocrx_word' id='word_1_253' title='bbox 134 1947 244 2004; x_wconf 91' lang='lat' dir='ltr'>plum</span> <span class='ocrx_word' id='word_1_254' title='bbox 281 1947 515 1992; x_wconf 83' lang='lat' dir='ltr'>huiusmodi</span> <span class='ocrx_word' id='word_1_255' title='bbox 555 1949 684 1993; x_wconf 60' lang='lat' dir='ltr'>sideri</span> <span class='ocrx_word' id='word_1_256' title='bbox 721 1955 851 2006; x_wconf 81' lang='lat' dir='ltr'>potest</span> <span class='ocrx_word' id='word_1_257' title='bbox 887 1953 924 1992; x_wconf 93' lang='lat' dir='ltr'>in</span> <span class='ocrx_word' id='word_1_258' title='bbox 959 1964 1034 2005; x_wconf 75' lang='lat' dir='ltr'>cap</span> <span class='ocrx_word' id='word_1_259' title='bbox 1086 1963 1150 1991; x_wconf 90' lang='lat' dir='ltr'>un.</span> <span class='ocrx_word' id='word_1_260' title='bbox 1192 1965 1211 1989; x_wconf 76' lang='lat' dir='ltr'>c&lt;</span> <span class='ocrx_word' id='word_1_261' title='bbox 1234 1950 1285 1991; x_wconf 95' lang='lat' dir='ltr'>de</span> <span class='ocrx_word' id='word_1_262' title='bbox 1322 1951 1483 1992; x_wconf 80' lang='lat' dir='ltr'>furtis»</span> <span class='ocrx_word' id='word_1_263' title='bbox 1523 1952 1561 1992; x_wconf 88' lang='lat' dir='ltr'>in</span> <span class='ocrx_word' id='word_1_264' title='bbox 1588 1949 1758 1992; x_wconf 85' lang='lat' dir='ltr'>Extrav.</span> 
     </span>
     <span class='ocr_line' id='line_1_30' title="bbox 130 2019 1759 2076; baseline 0.001 -14"><span class='ocrx_word' id='word_1_265' title='bbox 130 2032 250 2065; x_wconf 72' lang='lat' dir='ltr'>com..</span> <span class='ocrx_word' id='word_1_266' title='bbox 287 2019 354 2061; x_wconf 81' lang='lat' dir='ltr'>ubi</span> <span class='ocrx_word' id='word_1_267' title='bbox 389 2022 510 2063; x_wconf 85' lang='lat' dir='ltr'>etiam</span> <span class='ocrx_word' id='word_1_268' title='bbox 539 2020 782 2076; x_wconf 75' lang='lat' dir='ltr'>providetur</span> <span class='ocrx_word' id='word_1_269' title='bbox 805 2021 855 2063; x_wconf 89' lang='lat' dir='ltr'>de</span> <span class='ocrx_word' id='word_1_270' title='bbox 881 2023 1138 2062; x_wconf 74' lang='lat' dir='ltr'>intimatione</span> <span class='ocrx_word' id='word_1_271' title='bbox 1166 2023 1401 2062; x_wconf 81' lang='lat' dir='ltr'>monitionis</span> <span class='ocrx_word' id='word_1_272' title='bbox 1426 2022 1633 2076; x_wconf 64' lang='lat' dir='ltr'>praeviae.</span> <span class='ocrx_word' id='word_1_273' title='bbox 1654 2033 1759 2076; x_wconf 76' lang='lat' dir='ltr'>quae</span> 
     </span>
     <span class='ocr_line' id='line_1_31' title="bbox 131 2090 1647 2147; baseline 0 -14"><span class='ocrx_word' id='word_1_274' title='bbox 131 2092 362 2134; x_wconf 83' lang='lat' dir='ltr'>necessaria</span> <span class='ocrx_word' id='word_1_275' title='bbox 398 2091 447 2133; x_wconf 85' lang='lat' dir='ltr'>ad</span> <span class='ocrx_word' id='word_1_276' title='bbox 485 2092 755 2134; x_wconf 81' lang='lat' dir='ltr'>incurrendas</span> <span class='ocrx_word' id='word_1_277' title='bbox 787 2104 985 2135; x_wconf 87' lang='lat' dir='ltr'>censuras</span> <span class='ocrx_word' id='word_1_278' title='bbox 1018 2094 1066 2133; x_wconf 83' lang='lat' dir='ltr'>sit</span> <span class='ocrx_word' id='word_1_279' title='bbox 1103 2093 1139 2132; x_wconf 91' lang='lat' dir='ltr'>in</span> <span class='ocrx_word' id='word_1_280' title='bbox 1176 2090 1390 2147; x_wconf 59' lang='lat' dir='ltr'>hypothesi</span> <span class='ocrx_word' id='word_1_281' title='bbox 1425 2091 1647 2134; x_wconf 83' lang='lat' dir='ltr'>sufficiens.</span> 
     </span>
     <span class='ocr_line' id='line_1_32' title="bbox 251 2160 1761 2219; baseline 0.001 -16"><span class='ocrx_word' id='word_1_282' title='bbox 251 2160 537 2204; x_wconf 86' lang='lat' dir='ltr'>Delinitionem</span> <span class='ocrx_word' id='word_1_283' title='bbox 573 2162 710 2205; x_wconf 86' lang='lat' dir='ltr'>datam</span> <span class='ocrx_word' id='word_1_284' title='bbox 747 2162 925 2218; x_wconf 81' lang='lat' dir='ltr'>complet</span> <span class='ocrx_word' id='word_1_285' title='bbox 962 2164 1071 2204; x_wconf 79' lang='lat' dir='ltr'>iuxta</span> <span class='ocrx_word' id='word_1_286' title='bbox 1126 2162 1378 2217; x_wconf 84' lang='lat' dir='ltr'>praecedens</span> <span class='ocrx_word' id='word_1_287' title='bbox 1413 2164 1474 2204; x_wconf 89' lang='lat' dir='ltr'>ins</span> <span class='ocrx_word' id='word_1_288' title='bbox 1506 2162 1532 2219; x_wconf 58' lang='grc' dir='ltr'><strong>ξ</strong></span> <span class='ocrx_word' id='word_1_289' title='bbox 1563 2164 1594 2204; x_wconf 71' lang='grc'><strong>2</strong></span> <span class='ocrx_word' id='word_1_290' title='bbox 1636 2174 1761 2204; x_wconf 88' lang='lat' dir='ltr'>enun-</span> 
     </span>
     <span class='ocr_line' id='line_1_33' title="bbox 134 2220 1759 2289; baseline 0.001 -16"><span class='ocrx_word' id='word_1_291' title='bbox 134 2234 237 2274; x_wconf 89' lang='lat' dir='ltr'>tians</span> <span class='ocrx_word' id='word_1_292' title='bbox 270 2220 350 2289; x_wconf 81' lang='lat' dir='ltr'>qno</span> <span class='ocrx_word' id='word_1_293' title='bbox 387 2233 507 2275; x_wconf 88' lang='lat' dir='ltr'>modo</span> <span class='ocrx_word' id='word_1_294' title='bbox 543 2235 579 2275; x_wconf 94' lang='lat' dir='ltr'>in</span> <span class='ocrx_word' id='word_1_295' title='bbox 615 2233 760 2276; x_wconf 87' lang='lat' dir='ltr'>eodem</span> <span class='ocrx_word' id='word_1_296' title='bbox 796 2233 983 2276; x_wconf 79' lang='lat' dir='ltr'>subiecto</span> <span class='ocrx_word' id='word_1_297' title='bbox 1022 2233 1261 2275; x_wconf 66' lang='lat' dir='ltr'>verificetur</span> <span class='ocrx_word' id='word_1_298' title='bbox 1293 2233 1401 2289; x_wconf 75' lang='lat' dir='ltr'>quod</span> <span class='ocrx_word' id='word_1_299' title='bbox 1443 2232 1684 2275; x_wconf 83' lang='lat' dir='ltr'>«delictum</span> <span class='ocrx_word' id='word_1_300' title='bbox 1710 2234 1759 2274; x_wconf 90' lang='lat' dir='ltr'>sit</span> 
     </span>
     <span class='ocr_line' id='line_1_34' title="bbox 131 2301 1757 2360; baseline -0.001 -15"><span class='ocrx_word' id='word_1_301' title='bbox 131 2315 222 2345; x_wconf 83' lang='lat' dir='ltr'>curn</span> <span class='ocrx_word' id='word_1_302' title='bbox 258 2306 518 2346; x_wconf 82' lang='lat' dir='ltr'>contumacia</span> <span class='ocrx_word' id='word_1_303' title='bbox 554 2306 836 2354; x_wconf 72' lang='lat' dir='ltr'>coniunctum,</span> <span class='ocrx_word' id='word_1_304' title='bbox 872 2303 1035 2346; x_wconf 74' lang='lat' dir='ltr'>dicens:</span> <span class='ocrx_word' id='word_1_305' title='bbox 1074 2303 1117 2344; x_wconf 62' lang='lat'>51·</span> <span class='ocrx_word' id='word_1_306' title='bbox 1151 2308 1306 2359; x_wconf 62' lang='lat' dir='ltr'>assatur</span> <span class='ocrx_word' id='word_1_307' title='bbox 1342 2303 1372 2345; x_wconf 90' lang='lat' dir='ltr'>l⁰</span> <span class='ocrx_word' id='word_1_308' title='bbox 1396 2302 1446 2345; x_wconf 73' lang='lat' dir='ltr'>(Ie</span> <span class='ocrx_word' id='word_1_309' title='bbox 1479 2303 1666 2345; x_wconf 68' lang='lat' dir='ltr'>censuris</span> <span class='ocrx_word' id='word_1_310' title='bbox 1699 2301 1757 2360; x_wconf 80' lang='lat' dir='ltr'>fe-</span> 
     </span>
     <span class='ocr_line' id='line_1_35' title="bbox 130 2371 1760 2431; baseline -0.001 -16"><span class='ocrx_word' id='word_1_311' title='bbox 130 2372 288 2415; x_wconf 75' lang='lat' dir='ltr'>rendae</span> <span class='ocrx_word' id='word_1_312' title='bbox 319 2374 565 2419; x_wconf 75' lang='lat' dir='ltr'>sententiae,</span> <span class='ocrx_word' id='word_1_313' title='bbox 601 2388 706 2431; x_wconf 81' lang='lat' dir='ltr'>quac</span> <span class='ocrx_word' id='word_1_314' title='bbox 742 2389 911 2430; x_wconf 81' lang='lat' dir='ltr'>nempe:</span> <span class='ocrx_word' id='word_1_315' title='bbox 952 2390 973 2414; x_wconf 73' lang='lat' dir='ltr'>t&lt;</span> <span class='ocrx_word' id='word_1_316' title='bbox 997 2388 1016 2416; x_wconf 91' lang='lat' dir='ltr'>a</span> <span class='ocrx_word' id='word_1_317' title='bbox 1054 2374 1189 2416; x_wconf 80' lang='lat' dir='ltr'>iudice</span> <span class='ocrx_word' id='word_1_318' title='bbox 1227 2373 1287 2416; x_wconf 75' lang='lat' dir='ltr'>vel</span> <span class='ocrx_word' id='word_1_319' title='bbox 1323 2374 1545 2429; x_wconf 84' lang='lat' dir='ltr'>Superiore</span> <span class='ocrx_word' id='word_1_320' title='bbox 1586 2371 1760 2430; x_wconf 80' lang='lat' dir='ltr'>(adhuc)</span> 
     </span>
     <span class='ocr_line' id='line_1_36' title="bbox 134 2443 1758 2501; baseline -0.001 -15"><span class='ocrx_word' id='word_1_321' title='bbox 134 2444 260 2499; x_wconf 75' lang='lat' dir='ltr'>infligi</span> <span class='ocrx_word' id='word_1_322' title='bbox 295 2444 473 2488; x_wconf 83' lang='lat' dir='ltr'>debeant</span> <span class='ocrx_word' id='word_1_323' title='bbox 498 2462 535 2487; x_wconf 74' lang='lat' dir='ltr'>J).</span> <span class='ocrx_word' id='word_1_324' title='bbox 569 2448 657 2489; x_wconf 72' lang='lat' dir='ltr'>sive</span> <span class='ocrx_word' id='word_1_325' title='bbox 691 2459 711 2489; x_wconf 93' lang='lat' dir='ltr'>a</span> <span class='ocrx_word' id='word_1_326' title='bbox 748 2448 835 2488; x_wconf 88' lang='lat' dir='ltr'>iure</span> <span class='ocrx_word' id='word_1_327' title='bbox 869 2448 962 2501; x_wconf 75' lang='lat' dir='ltr'>sint,</span> <span class='ocrx_word' id='word_1_328' title='bbox 986 2448 1074 2487; x_wconf 67' lang='lat' dir='ltr'>sive</span> <span class='ocrx_word' id='word_1_329' title='bbox 1098 2444 1148 2488; x_wconf 84' lang='lat' dir='ltr'>ab</span> <span class='ocrx_word' id='word_1_330' title='bbox 1184 2444 1349 2487; x_wconf 84' lang='lat' dir='ltr'>homine</span> <span class='ocrx_word' id='word_1_331' title='bbox 1376 2444 1484 2500; x_wconf 85' lang='lat' dir='ltr'>(can.</span> <span class='ocrx_word' id='word_1_332' title='bbox 1520 2444 1646 2486; x_wconf 65' lang='lat'>2217.</span> <span class='ocrx_word' id='word_1_333' title='bbox 1674 2446 1696 2496; x_wconf 88' lang='lat'>3</span> <span class='ocrx_word' id='word_1_334' title='bbox 1724 2443 1758 2491; x_wconf 79' lang='lat'>1,</span> 
     </span>
     <span class='ocr_line' id='line_1_37' title="bbox 134 2514 1758 2572; baseline -0.001 -15"><span class='ocrx_word' id='word_1_335' title='bbox 134 2515 191 2565; x_wconf 77' lang='lat'>⁶20,</span> <span class='ocrx_word' id='word_1_336' title='bbox 227 2515 304 2571; x_wconf 73' lang='lat'>3⁰),</span> <span class='ocrx_word' id='word_1_337' title='bbox 339 2521 566 2558; x_wconf 55' lang='lat' dir='ltr'>contemnas</span> <span class='ocrx_word' id='word_1_338' title='bbox 598 2522 658 2559; x_wconf 81' lang='lat' dir='ltr'>est</span> <span class='ocrx_word' id='word_1_339' title='bbox 703 2521 892 2572; x_wconf 87' lang='lat' dir='ltr'>respectu</span> <span class='ocrx_word' id='word_1_340' title='bbox 936 2516 1073 2559; x_wconf 86' lang='lat' dir='ltr'>delicti</span> <span class='ocrx_word' id='word_1_341' title='bbox 1120 2515 1307 2571; x_wconf 86' lang='lat' dir='ltr'>patrandi</span> <span class='ocrx_word' id='word_1_342' title='bbox 1357 2515 1418 2558; x_wconf 71' lang='lat' dir='ltr'>vel</span> <span class='ocrx_word' id='word_1_343' title='bbox 1466 2517 1629 2571; x_wconf 78' lang='lat' dir='ltr'>patrati,</span> <span class='ocrx_word' id='word_1_344' title='bbox 1674 2514 1758 2570; x_wconf 77' lang='lat' dir='ltr'>qni,</span> 
     </span>
     <span class='ocr_line' id='line_1_38' title="bbox 130 2585 1756 2641; baseline -0.002 -13"><span class='ocrx_word' id='word_1_345' title='bbox 130 2585 170 2641; x_wconf 88' lang='lat' dir='ltr'>a)</span> <span class='ocrx_word' id='word_1_346' title='bbox 206 2599 286 2639; x_wconf 85' lang='lat' dir='ltr'>non</span> <span class='ocrx_word' id='word_1_347' title='bbox 319 2585 580 2629; x_wconf 67' lang='lat' dir='ltr'>obstantibus</span> <span class='ocrx_word' id='word_1_348' title='bbox 615 2587 740 2630; x_wconf 85' lang='lat' dir='ltr'>idest:</span> <span class='ocrx_word' id='word_1_349' title='bbox 776 2587 923 2629; x_wconf 77' lang='lat' dir='ltr'>effectu</span> <span class='ocrx_word' id='word_1_350' title='bbox 960 2587 1166 2629; x_wconf 76' lang='lat' dir='ltr'>destitutis</span> <span class='ocrx_word' id='word_1_351' title='bbox 1201 2585 1499 2628; x_wconf 73' lang='lat' dir='ltr'>monitionibus</span> <span class='ocrx_word' id='word_1_352' title='bbox 1523 2587 1756 2627; x_wconf 76' lang='lat' dir='ltr'>necessario</span> 
     </span>
     <span class='ocr_line' id='line_1_39' title="bbox 131 2654 1755 2713; baseline -0.001 -15"><span class='ocrx_word' id='word_1_353' title='bbox 131 2657 445 2712; x_wconf 80' lang='lat' dir='ltr'>praemittendis</span> <span class='ocrx_word' id='word_1_354' title='bbox 496 2658 733 2713; x_wconf 87' lang='lat' dir='ltr'>praedictae</span> <span class='ocrx_word' id='word_1_355' title='bbox 781 2670 1004 2713; x_wconf 88' lang='lat' dir='ltr'>poenarum</span> <span class='ocrx_word' id='word_1_356' title='bbox 1053 2657 1281 2706; x_wconf 81' lang='lat' dir='ltr'>inflictioni,</span> <span class='ocrx_word' id='word_1_357' title='bbox 1321 2655 1371 2697; x_wconf 82' lang='lat' dir='ltr'>de</span> <span class='ocrx_word' id='word_1_358' title='bbox 1419 2654 1567 2713; x_wconf 76' lang='lat' dir='ltr'>qzn&#39;bns</span> <span class='ocrx_word' id='word_1_359' title='bbox 1615 2656 1755 2697; x_wconf 76' lang='lat' dir='ltr'>decer-</span> 
     </span>
     <span class='ocr_line' id='line_1_40' title="bbox 131 2725 1757 2782; baseline -0.001 -13"><span class='ocrx_word' id='word_1_360' title='bbox 131 2732 251 2770; x_wconf 91' lang='lat' dir='ltr'>netur</span> <span class='ocrx_word' id='word_1_361' title='bbox 300 2728 341 2769; x_wconf 82' lang='lat' dir='ltr'>in</span> <span class='ocrx_word' id='word_1_362' title='bbox 385 2742 473 2770; x_wconf 79' lang='lat' dir='ltr'>can.</span> <span class='ocrx_word' id='word_1_363' title='bbox 509 2730 648 2781; x_wconf 71' lang='lat'><strong><em>2233,</em></strong></span> <span class='ocrx_word' id='word_1_364' title='bbox 683 2730 707 2780; x_wconf 77' lang='lat'>3</span> <span class='ocrx_word' id='word_1_365' title='bbox 746 2730 776 2770; x_wconf 68' lang='lat'><em>2</em></span> <span class='ocrx_word' id='word_1_366' title='bbox 820 2733 914 2770; x_wconf 86' lang='lat' dir='ltr'>tunc</span> <span class='ocrx_word' id='word_1_367' title='bbox 958 2727 1223 2781; x_wconf 85' lang='lat' dir='ltr'>declarando,</span> <span class='ocrx_word' id='word_1_368' title='bbox 1269 2725 1309 2782; x_wconf 79' lang='lat' dir='ltr'>b)</span> <span class='ocrx_word' id='word_1_369' title='bbox 1352 2741 1376 2768; x_wconf 82' lang='grc' dir='ltr'><strong><em>α</em></strong></span> <span class='ocrx_word' id='word_1_370' title='bbox 1419 2725 1570 2768; x_wconf 70' lang='lat' dir='ltr'>delicto</span> <span class='ocrx_word' id='word_1_371' title='bbox 1616 2738 1757 2781; x_wconf 85' lang='lat' dir='ltr'>perpe-</span> 
     </span>
     <span class='ocr_line' id='line_1_41' title="bbox 129 2796 1758 2856; baseline -0.002 -15"><span class='ocrx_word' id='word_1_372' title='bbox 129 2799 275 2841; x_wconf 89' lang='lat' dir='ltr'>trando</span> <span class='ocrx_word' id='word_1_373' title='bbox 313 2798 374 2842; x_wconf 82' lang='lat' dir='ltr'>vel</span> <span class='ocrx_word' id='word_1_374' title='bbox 411 2799 697 2856; x_wconf 77' lang='lat' dir='ltr'>prosequendo</span> <span class='ocrx_word' id='word_1_375' title='bbox 732 2812 810 2840; x_wconf 86' lang='lat' dir='ltr'>non</span> <span class='ocrx_word' id='word_1_376' title='bbox 845 2797 1025 2850; x_wconf 67' lang='lat' dir='ltr'>desistit,</span> <span class='ocrx_word' id='word_1_377' title='bbox 1060 2796 1123 2839; x_wconf 71' lang='lat' dir='ltr'>vel</span> <span class='ocrx_word' id='word_1_378' title='bbox 1154 2797 1406 2839; x_wconf 79' lang='lat' dir='ltr'>disiunctive</span> <span class='ocrx_word' id='word_1_379' title='bbox 1439 2809 1459 2839; x_wconf 87' lang='lat' dir='ltr'>a</span> <span class='ocrx_word' id='word_1_380' title='bbox 1495 2796 1758 2852; x_wconf 83' lang='lat' dir='ltr'>praecedenti</span> 
     </span>
     <span class='ocr_line' id='line_1_42' title="bbox 131 2866 1758 2927; baseline -0.002 -15"><span class='ocrx_word' id='word_1_381' title='bbox 131 2870 367 2913; x_wconf 87' lang='lat' dir='ltr'>conditione</span> <span class='ocrx_word' id='word_1_382' title='bbox 397 2869 563 2927; x_wconf 80' lang='lat' dir='ltr'>patrati</span> <span class='ocrx_word' id='word_1_383' title='bbox 598 2874 736 2925; x_wconf 90' lang='lat' dir='ltr'>utpote</span> <span class='ocrx_word' id='word_1_384' title='bbox 772 2871 849 2911; x_wconf 88' lang='lat' dir='ltr'>iam</span> <span class='ocrx_word' id='word_1_385' title='bbox 887 2870 1080 2911; x_wconf 87' lang='lat' dir='ltr'>transacti</span> <span class='ocrx_word' id='word_1_386' title='bbox 1115 2866 1272 2922; x_wconf 65' lang='lat' dir='ltr'>delicti,</span> <span class='ocrx_word' id='word_1_387' title='bbox 1309 2867 1376 2909; x_wconf 93' lang='lat' dir='ltr'>illo</span> <span class='ocrx_word' id='word_1_388' title='bbox 1410 2871 1449 2909; x_wconf 89' lang='lat' dir='ltr'>et</span> <span class='ocrx_word' id='word_1_389' title='bbox 1485 2866 1559 2909; x_wconf 86' lang='lat' dir='ltr'>hoc</span> <span class='ocrx_word' id='word_1_390' title='bbox 1585 2868 1663 2909; x_wconf 88' lang='lat' dir='ltr'>iam</span> <span class='ocrx_word' id='word_1_391' title='bbox 1689 2866 1758 2909; x_wconf 45' lang='lat' dir='ltr'>deff</span> 
     </span>
    </p>
   </div>
  </div>
 </body>
</html>
