1981 3182
216 130 237 162 ‘2
264 130 286 161 ⁴2
588 125 672 158 Lm.
694 125 738 158 V.
764 145 775 149 -
801 124 906 157 PAizs
924 122 994 156 ΙΙΙ.
1014 143 1026 147 -
1046 123 1101 157 De
1114 124 1251 166 poenis
1272 123 1313 154 in
1330 120 1471 154 delicta
1631 116 1722 151 Can.
1750 115 1843 150 2351

340 245 433 287 193.
471 247 520 288 ln
554 245 718 289 odium
751 243 1037 294 duellorum,
1075 253 1156 297 quo
1205 236 1504 281 «detestabilis
1545 248 1687 278 eorum
1733 246 1845 285 usus,

220 316 446 360 fabricante
479 313 655 367 diabolo⁷
692 313 965 363 introductus,
1000 316 1040 354 ut
1075 314 1244 354 cruenta
1278 320 1499 364 corporum
1537 310 1667 348 morte
1690 307 1846 348 anima-

221 402 308 431 rum
343 390 465 430 etiam
509 387 732 441 perniciem
779 383 976 437 lucretur,
1016 396 1065 425 ex
1106 380 1331 424 christiano
1376 377 1475 421 orbe
1520 379 1682 433 penitus
1722 377 1846 418 extir-

221 465 339 516 petur
361 474 401 512 n,
436 455 791 514 quemadmodum
826 455 948 498 Cone.
983 452 1093 496 Trid.
1129 450 1272 503 voluit,
1308 450 1319 471 1
1354 448 1491 491 Codex
1528 450 1674 490 retinet
1699 459 1856 502 poenas

221 530 373 573 ibidem
408 532 593 571 statutas.
630 525 787 569 Ibidem
823 524 996 579 legitur:
1038 538 1057 563 ((
1081 525 1113 565 si
1149 524 1185 564 in
1223 523 1309 577 ipso
1343 519 1536 563 conflictu
1582 518 1856 568 decesserint*

221 604 390 644 careant
423 598 701 642 ecelesiastica
737 595 948 652 sepultura
974 610 1012 638 »,
1048 593 1163 636 Hanc
1188 582 1361 648 poenam
1385 589 1533 632 Bened.
1556 587 1643 631 xlv
1666 590 1702 630 in
1722 592 1849 630 const.

227 688 245 712 «
275 669 564 714 Detestabilem
590 684 609 709 ))
648 668 662 688 2
696 668 946 724 aggravavit
983 666 1170 722 sequenti
1211 662 1348 715 modo,
1382 674 1552 716 nempe:
1592 676 1614 700 «
1638 661 1850 701 incurren-

223 743 316 786 dam
355 745 552 798 perpetuo
588 742 687 789 fore,
723 741 844 782 etiam
880 742 974 780 ante
1007 737 1251 778 sententiam
1278 733 1439 784 iudicisq
1461 744 1482 774 a
1507 730 1734 774 decedente
1758 742 1853 786 quo-

223 826 303 870 que
336 816 451 855 extra
486 811 622 854 locum
656 810 873 853 conflictus
906 822 954 851 ex
984 806 1154 850 vulnere
1180 804 1331 847 ibidem
1357 799 1850 858 aecept0‚sive‹tueltum

228 883 405 940 publice,
437 884 526 925 sive
562 883 753 938 privatim
792 880 990 922 indictum
1026 879 1161 927 fuerit,
1195 888 1241 918 ac
1275 875 1434 917 etiamsi
1479 872 1718 915 vulneratus
1760 875 1853 913 ante

228 959 401 997 mortem
438 967 516 996 non
553 955 706 995 incerta
744 951 1019 1007 poenitentiae
1052 950 1168 1003 signa
1203 946 1377 994 dederit,
1412 949 1536 1000 atque
1569 955 1589 985 a
1616 943 1794 998 peccatis
1817 945 1855 983 et

226 1027 413 1069 censuris
446 1023 746 1066 absolutionem
782 1021 1006 1064 obtinuerit
1030 1034 1067 1060 )).
1093 1017 1208 1060 Hanc
1235 1021 1482 1073 postremam
1506 1015 1771 1056 severitatem
1796 1024 1859 1054 su-

228 1084 339 1139 stulit
366 1109 456 1137 can.
490 1095 623 1147 3351,
659 1092 757 1135 dnm
793 1094 845 1134 ita
872 1092 1015 1146 incipit
1034 1091 1111 1143 51.
1132 1088 1304 1131 Ser-vato
1326 1084 1590 1143 praescripto
1615 1097 1704 1125 can.
1727 1084 1868 1135 1240,

228 1166 255 1224 ,ξ
289 1169 324 1217 l,
357 1181 396 1208 ἠ.
431 1166 493 1207 40.
530 1164 585 1208 lbi
621 1166 728 1206 enim
771 1179 788 1203 (c
814 1161 1093 1205 ecclesiastica
1127 1158 1337 1215 sepultura
1375 1159 1609 1211 privantur:
1647 1155 1795 1196 mortui
1822 1155 1858 1194 in

231 1237 369 1282 duello
403 1242 472 1280 aut
505 1250 553 1279 ex
594 1235 765 1278 vnlnere
800 1234 894 1277 inde
929 1232 1057 1275 relato
1081 1247 1120 1285 ›>,
1153 1230 1224 1273 sed
1259 1229 1415 1285 absque
1449 1227 1691 1270 limitatione
1733 1226 1859 1281 posita

231 1311 301 1352 t'uit
332 1307 539 1365 generalis
572 1308 784 1362 exceptio:
820 1307 896 1347 nisi
930 1308 1023 1347 ante
1058 1306 1231 1345 mortem
1266 1300 1402 1356 aliqua
1439 1299 1713 1355 poenitentiae
1746 1298 1861 1351 signa

231 1380 420 1423 dederint
445 1395 483 1422 ³).

351 1451 584 1507 Antequam
621 1449 792 1492 ulterius
836 1449 873 1489 in
910 1445 1209 1490 commentario
1255 1441 1542 1498 procedamus,
1580 1438 1740 1495 aliquas
1790 1450 1860 1479 no-

234 1525 365 1566 tiones
413 1525 574 1576 oportet
622 1521 887 1576 praemittere
929 1516 1128 1560 claritatis
1181 1526 1318 1557 causa.
1365 1510 1552 1554 Duelluin
1597 1523 1668 1552 seu
1714 1520 1868 1551 mono-

237 1594 396 1637 machia
431 1597 491 1636 est
530 1591 782 1647 «singulare
826 1594 1035 1633 certamen
1080 1601 1129 1630 ex
1176 1590 1349 1641 utraque
1390 1587 1503 1640 parte
1546 1586 1690 1638 sponte
1733 1584 1772 1623 et
1813 1592 1862 1622 ex

233 1665 424 1709 condicto
457 1667 693 1719 susceptum
722 1678 758 1705 ».
794 1660 807 1681 ³
845 1659 1053 1702 Dividitur
1086 1661 1124 1700 in
1161 1655 1373 1713 publicum
1406 1658 1445 1697 et
1481 1655 1686 1709 prii-atum
1717 1663 1862 1694 secun-

237 1737 334 1780 dnm
373 1735 498 1778 verba
532 1734 654 1790 Greg.
690 1732 781 1776 Xlll
816 1734 854 1774 in
888 1734 1017 1774 const.
1057 1728 1162 1771 «Ad
1200 1726 1425 1770 tollendum
1450 1740 1469 1765 ))
1509 1724 1547 1766 ⁴:
1587 1738 1607 1763 a(
1632 1721 1868 1766 Nos..c0n-

238 1808 468 1851 siderantes
500 1805 684 1849 duellum
727 1806 935 1860 privatum
982 1814 1058 1843 non
1105 1801 1241 1841 minus
1279 1800 1497 1840 cruentum
1543 1799 1581 1837 et
1624 1795 1786 1837 animae
1831 1796 1870 1833 et

239 1880 424 1935 corporis
459 1878 626 1919 noxium
663 1888 766 1928 esse,
800 1886 925 1931 quam
959 1871 1067 1929 quod
1111 1869 1273 1926 publice
1316 1870 1591 1924 perpetratur,
1625 1865 1874 1907 anctoritate

240 1950 371 2006 aplca.
405 1950 625 1991 statuimus
659 1959 802 1989 omnes
835 1944 924 1987 illos
957 1944 1026 2000 qui
1061 1956 1108 1984 ex
1145 1939 1351 1992 condicto,
1384 1942 1535 1980 statute
1561 1942 1745 1991 tempore
1769 1936 1873 1977 etin

243 2021 331 2064 loco
363 2025 583 2074 convento,
619 2015 950 2061 monomachiam
986 2014 1283 2059 commiserint,
1316 2014 1503 2065 (nempe:
1530 2010 1736 2064 privatum
1762 2004 1876 2048 duel-

245 2092 357 2145 lum),
391 2093 514 2133 etiam
549 2093 580 2133 si
617 2088 714 2131 nnlli
753 2088 901 2144 patrini
936 2087 1121 2141 sociique
1156 2082 1203 2125 ad
1242 2082 1278 2124 id
1318 2082 1451 2123 vocati
1486 2080 1650 2131 fuerint,
1685 2089 1760 2119 nee
1794 2075 1870 2118 loci

243 2165 444 2205 securitas
478 2160 631 2210 habita,
664 2158 858 2202 nullaeve
894 2155 1208 2213 provocatoriae
1242 2152 1402 2195 litterae
1434 2155 1504 2193 aut
1542 2149 1874 2192 denunciationis

245 2233 458 2278 chartulae
492 2232 808 2289 praecesserint,
841 2230 1028 2272 censuris
1061 2231 1098 2269 et
1132 2226 1273 2281 poenis
1306 2221 1497 2266 omnibus
1520 2234 1541 2264 a
1565 2220 1674 2263 dicto
1698 2216 1874 2262 concilio

247 2306 465 2361 propositis
499 2305 642 2350 teneri,
680 2300 849 2357 perinde
882 2312 928 2342 ac
961 2300 991 2341 si
1030 2296 1193 2353 publico
1227 2299 1267 2338 et
1290 2298 1485 2338 consueto
1508 2291 1639 2335 abusu
1663 2294 1872 2333 certamen

246 2378 463 2419 inivissent
485 2390 525 2416 ».

365 2446 736 2489 Animadvertatur
770 2454 935 2500 quoque
970 2452 1137 2482 manere
1172 2450 1279 2481 nunc
1319 2438 1357 2478 in
1406 2437 1548 2490 vigore
1591 2433 1876 2475 damnationes

246 2520 519 2561 assertionum
556 2519 593 2558 in
630 2515 706 2558 hac
741 2515 910 2557 materia
950 2511 1128 2568 prelatas
1162 2522 1182 2552 a
1216 2509 1282 2552 SS.
1312 2505 1578 2550 Pontitieibus
1602 2503 1718 2546 Alex.
1749 2501 1876 2543 Vliet

247 2590 384 2632 lnnoc.
421 2587 486 2642 XI,
520 2600 623 2645 quas
658 2587 781 2629 retert
805 2583 955 2628 Bened.
982 2580 1072 2625 xiv
1099 2584 1138 2623 in
1166 2583 1253 2623 eius
1278 2583 1405 2622 const.
1437 2593 1454 2617 «
1483 2573 1774 2619 Detestabilem
1800 2587 1819 2613 >>
1849 2571 1877 2626 ⁵,

250 2673 407 2704 necnon
442 2659 749 2702 damnationem
785 2661 824 2699 et
858 2655 1200 2711 proscriptionem
1237 2652 1418 2707 quinque
1455 2647 1779 2703 propositionum
1824 2641 1877 2684 ibi

368 2791 379 2811 1
408 2788 502 2833 Cap.
533 2788 588 2827 19,
618 2799 712 2821 sess.
742 2785 866 2825 XXV,
893 2784 939 2817 de
966 2782 1052 2816 Ref.
1082 2801 1125 2808 --
1151 2782 1164 2802 ‘2
1195 2780 1237 2813 10
1263 2779 1361 2813 Now.
1396 2778 1496 2813 1752,
1525 2779 1544 2817 ξ
1570 2776 1603 2809 9.
1641 2793 1683 2799 ——
1711 2773 1724 2794 3
1751 2770 1874 2805 Santi.

250 2834 668 2926 {fggleggicfingss'5hb'
700 2834 744 2875 V,
774 2834 838 2866 tin.
869 2831 973 2871 X[V‚
1002 2842 1038 2863 n.
1064 2832 1094 2862 1.
1119 2849 1159 2853 -
1180 2830 1192 2849 4
1220 2829 1240 2861 5
1268 2825 1477 2866 Dec 1S52‘,
1501 2828 1519 2864 ξ
1543 2827 1569 2857 1.
1599 2843 1641 2847 -
1669 2822 1681 2842 5
1711 2820 1752 2853 10
1779 2818 1876 2851 Nov.

1866 0 1941 43 ”a
