1981 3182
0 62 13 85 ι

129 164 223 202 Gan.
250 166 342 201 2341
504 167 586 202 Trr.
613 166 722 201 XIII.

125 283 332 329 gnitatibus,
355 283 582 329 pensionibus
600 289 633 319 et
651 284 805 330 quolibet
832 295 907 319 mu-

126 341 220 366 nere.
249 331 276 365 si
305 331 394 376 quod
424 332 457 365 in
488 330 638 366 Ecclesia
665 331 802 366 babeat.

173 381 192 420 ξ
219 376 251 412 3.
281 376 349 421 Qui
381 378 416 412 in
459 389 643 423 personam
672 377 905 418 patriarchae,

124 424 398 471 Arcbiepiscopi,
428 424 585 471 Episcopi
612 425 717 461 etiam
757 423 908 460 titularis

124 476 275 514 tantum,
291 472 439 507 incurrit
457 473 491 507 in
507 472 906 508 excommunicationem

126 519 216 554 latae
253 520 448 555 sententiae
474 518 553 555 Sedi
581 519 799 566 Apostolicae
836 530 905 565 spe-

125 566 204 602 ciali
234 566 334 602 modo
360 571 586 602 reservatam.

175 617 194 656 §
221 611 253 648 4.
283 612 350 658 Qui
372 614 407 648 in
426 624 610 660 personam
636 613 785 649 aliorum
813 612 908 648 cleri-

127 671 246 696 corum
266 661 317 696 vel
331 661 518 714 'utriusque
536 672 637 696 sexus
655 661 906 713 religiosorum

128 707 304 743 subiaceat
330 708 405 754 ipso
434 709 522 743 13616
554 707 906 744 excommunicationi

129 753 317 791 Ordinario
343 755 481 801 proprio
506 760 710 795 reservatae,
731 755 789 800 qui
813 765 908 800 prae-

130 807 222 838 terea
246 802 324 838 aliis
352 802 482 848 poenis,
508 802 534 836 si
563 813 617 837 res
645 802 742 843 serat,
762 812 821 847 pro
847 813 909 837 suo

131 850 290 895 prudenti
318 849 463 885 arbitrio
488 860 566 885 eum
596 849 730 895 puniat.

178 895 260 932 CAN.
288 894 391 932 2344.
423 894 535 939 -Qui
564 895 760 931 Romanum
797 895 908 931 Ponti-

750 187 763 192 ·
790 166 848 201 De
872 167 1023 201 delictis
1040 169 1177 201 contra
1197 177 1387 212 personas
1691 167 1764 202 ‘233

982 283 1127 318 Romani
1158 284 1348 328 Ρ6111111615,
1369 284 1493 320 Sacras
1519 283 1764 330 Congregatio-

981 341 1043 365 nes
1083 330 1269 373 Romanas,
1297 312 1502 367 Tribunalia
1541 331 1640 368 Sedis
1675 333 1763 378 Apo·

981 378 1121 413 stolicae
1158 389 1348 424 eorumque
1386 377 1559 414 Otliciales
1599 379 1759 416 maiores

981 425 1160 470 proprium
1200 424 1429 461 Ordinarinm
1474 426 1622 471 publicis
1663 427 1763 472 ephe-

983 472 1185 513 meridibus,
1204 473 1443 513 concionibus,
1468 473 1594 508 libellis
1620 473 1691 508 5116
1716 474 1765 508 di-

982 523 1072 554 recte
1111 518 1181 554 sive
1217 519 1396 560 indirecte,
1430 520 1567 554 iniuriis
1593 520 1758 564 affecerit,

981 571 1039 601 aut
1067 565 1264 601 simultates
1291 567 1343 602 vel
1369 567 1447 602 odia
1485 572 1605 602 contra
1642 578 1763 603 eorun-

981 613 1059 648 dem
1094 618 1184 654 acta,
1220 614 1368 655 decreta,
1397 614 1602 655 decisiones
1628 619 1764 649 senten-

981 660 1047 695 tias
1081 660 1290 701 excitaverit,
1318 661 1362 696 ab
1389 659 1577 697 Ordinario
1614 672 1685 696 non
1714 673 1764 696 so·

982 707 1054 742 lum
1081 707 1128 742 ad·
1148 707 1355 743 instantiam
1384 709 1504 753 partis,
1521 708 1579 743 sed
1598 709 1701 743 etiam
1722 720 1761 744 ex

981 754 1091 789 officio
1109 754 1280 799 adigatur,
1300 766 1357 801 per
1375 766 1540 790 censuras
1555 767 1703 801 quoque
1720 756 1762 791 ad

981 802 1256 837 satisfactionem
1309 803 1567 855 praestandam,
1614 803 1764 855 aliisque
1793 842 1795 847 ,

981 849 1145 894 congruis
1186 849 1304 895 poenis
1344 849 1394 884 vel
1435 850 1668 895 poenitentiis
1706 861 1765 895 pro

980 896 1149 941 gravitate
1167 897 1289 943 culpae
1307 901 1339 932 et
1358 897 1513 932 scandali
1533 897 1764 943 reparatione,

131 943 242 986 ficem,
268 942 305 979 S.
339 943 377 979 R.
412 942 450 978 E.
479 942 714 984 Cardinalem‚
741 942 907 987 legatum
982 944 1160 989 puniatur.

250 1062 345 1105 1852.
382 1064 565 1108 Contra
606 1064 702 1108 fori
742 1064 1070 1119 privilegium.
1102 1088 1157 1093 —
1192 1062 1253 1105 Ad
1288 1062 1486 1105 tuendum
1524 1063 1598 1105 fori
1635 1064 1762 1119 privi-

132 1132 300 1189 legium,
333 1132 384 1175 de
426 1145 507 1188 quo
553 1134 590 1175 in
635 1145 724 1175 can.
764 1132 861 1185 120,
897 1132 1025 1176 tendit
1059 1145 1238 1190 sequens
1280 1147 1370 1176 6611.
1404 1135 1538 1177 2341.
1574 1133 1619 1176 Si
1658 1132 1767 1190 quis,

131 1202 241 1246 nulla
286 1203 551 1247 distinctione
594 1203 852 1247 considerata
900 1206 1023 1246 etiam
1063 1203 1318 1260 Episcopalis
1361 1205 1586 1260 dignitatis,
1620 1209 1765 1247 eontra

128 1274 440 1331 praescriptum
474 1276 677 1317 eau.1?0
709 1274 890 1318 scilicet:
926 1274 958 1316 1ο
988 1277 1118 1317 «sine
1155 1277 1273 1317 venia
1307 1275 1424 1318 Sedis
1456 1274 1717 1331 Apostolicae
1740 1290 1761 1315 »

131 1345 265 1401 quoad
303 1346 388 1388 fere
422 1358 566 1388 omnes
599 1359 729 1387 ausus
762 1344 912 1402 fuerit,
936 1345 1029 1389 111116
1054 1361 1072 1386 c<
1098 1345 1306 1402 quaelibet
1343 1345 1672 1401 imputabilitatis
1697 1348 1766 1387 1111-

134 1417 306 1458 minutio
338 1417 429 1458 sive
461 1428 510 1458 ex
547 1420 662 1472 parte
698 1415 930 1459 intellectus
953 1416 1145 1472 (excepta
1182 1418 1412 1472 ignorantia
1446 1415 1653 1472 affectata)
1677 1418 1766 1458 sive

133 1499 182 1529 ex
220 1490 334 1542 parte
371 1486 594 1530 voluntatis
612 1489 720 1541 (can
759 1487 886 1539 2220,
919 1488 947 1545 ᾗ
981 1487 1024 1542 2)
1048 1489 1193 1530 eximit
1217 1503 1237 1527 ))
1275 1500 1296 1530 3
1333 1500 1459 1543 poena
1493 1486 1680 1543 sequenti
1715 1486 1767 1530 ob

132 1557 354 1600 delictum:
390 1556 446 1600 acl
478 1556 656 1600 iudicem
693 1557 846 1600 laicum
866 1571 1182 1615 quemcumque
1210 1557 1346 1601 6111115
1368 1560 1575 1601 societatis
1599 1555 1768 1599 trahere

70 1653 79 1660 -
136 1627 260 1670 veluti
297 1627 434 1683 legum
473 1627 665 1672 violentia
701 1628 883 1686 aliquem
918 1632 957 1681 a)
989 1643 1040 1672 eJ‘
1074 1629 1114 1672 S.
1141 1627 1187 1673 R.
1212 1627 1260 1672 E.
1300 1627 1598 1671 Fardiuulibus
1633 1628 1671 1680 b)
1708 1627 1768 1670 rel

133 1697 304 1756 Leqalis
324 1698 444 1743 Sedis
462 1699 743 1756 Apostolleue,
768 1703 836 1757 qni
863 1700 1177 1756 distinguuntur
1201 1703 1238 1742 in
1264 1713 1356 1756 cap.
1382 1698 1425 1753 V,
1451 1702 1511 1742 tit.
1534 1697 1612 1748 Vn,
1633 1698 1717 1742 Lib.
1741 1699 1767 1753 Ι,

131 1777 170 1823 6)
202 1768 264 1812 vel
297 1768 552 1828 officialibus
588 1770 832 1820 maioribus,
853 1771 1035 1814 scilicet:
1073 1777 1236 1828 practer
1259 1772 1297 1815 S.
1322 1771 1368 1814 R.
1393 1770 1438 1814 R.
1469 1770 1703 1815 Auditores.
1730 1772 1767 1812 in

132 1840 534 1896 Congregationibus
559 1842 821 1893 Adscssoies,
845 1844 1081 1896 secretarii,
1105 1842 1421 1885 Subsecretarii.
1447 1847 1484 1884 61
1517 1841 1583 1884 3111
1618 1854 1769 1897 cogno·

131 1911 272 1955 scendi
317 1925 366 1955 ex
407 1927 427 1952 ((
452 1912 665 1955 Α11111131·16
703 1912 915 1955 l'onliticio
940 1929 980 1967 ›>,
1015 1912 1231 1956 Romanae
1268 1912 1435 1963 Curiae,
1468 1912 1537 1955 sed
1585 1912 1646 1954 1115
1689 1925 1767 1968 qua

135 1981 297 2036 talibus,
317 1995 490 2040 nempe:
515 1983 779 2027 solummodo
814 1983 861 2026 ob
886 1984 1054 2040 neqotia
1079 1983 1134 2026 ud
1157 1997 1299 2027 eorum
1322 1997 1472 2025 murreus
1492 1979 1767 2040 perfluentia,

133 2053 177 2110 d)
211 2053 274 2097 vel
311 2052 591 2097 Ordiuaritmz
623 2054 845 2112 proprium
879 2056 967 2098 sive
1002 2054 1094 2107 loci,
1128 2054 1177 2098 ad
1213 2066 1401 2097 normam
1442 2066 1531 2097 can.
1567 2053 1636 2107 94,
1671 2053 1769 2107 111,

137 2123 200 2167 vel
236 2123 303 2167 ubi
339 2124 487 2167 domus
521 2124 711 2181 religiosa
743 2127 818 2168 sila
853 2130 928 2179 651,
962 2127 1050 2167 sive
1088 2138 1159 2181 pro
1193 2124 1371 2167 alumnis
1405 2124 1617 2180 religionis
1649 2123 1768 2167 cleri-

133 2195 233 2238 calis
275 2199 496 2251 exemptae
539 2208 682 2238 eoruin
728 2196 973 2252 Superiores
1019 2198 1196 2238 {naiores
1230 2194 1337 2252 (can.
1376 2195 1490 2251 198),
1524 2194 1768 2251 delinquens

133 2271 177 2325 ut
211 2267 442 2322 praefertur
465 2265 678 2309 coutrulzil
714 2266 805 2324 ipso
839 2266 954 2325 [(1616
988 2265 1456 2309 exeomiuuulealiouem
1483 2264 1582 2308 Sedu?
1599 2264 1770 2322 Aposto-

136 2336 243 2379 11606
283 2336 462 2393 speciali
504 2337 623 2379 morlo
668 2343 940 2380 reservatam.
975 2363 1026 2367 —
1065 2337 1331 2394 Prosequitur
1373 2350 1503 2380 canon
1539 2336 1590 2379 (16
1623 2336 1767 2379 eodem

134 2420 181 2450 ac
214 2419 339 2464 supra
374 2407 531 2451 dictum
567 2413 626 2450 est
660 2406 942 2465 delinquente,
968 2408 1039 2451 sed
1067 2407 1115 2450 11Ο
1140 2410 1227 2450 51116
1261 2407 1427 2450 diversa
1462 2406 1624 2450 licentia
1660 2406 1767 2463 (6311.

136 2477 232 2531 120,
265 2477 293 2536 ξ
326 2477 369 2535 ⁶2)
402 2478 498 2521 Sedi
532 2478 701 2535 Aplcae.
740 2479 801 2521 vel
838 2476 1050 2523 Ordinarii
1091 2478 1143 2521 ob
1182 2478 1370 2521 diversas
1420 2490 1616 2534 personas
1662 2490 1768 2534 quae

136 2540 368 2603 trabuntur,
403 2548 441 2592 si
473 2548 620 2602 alium,
655 2554 818 2605 praeter
853 2552 1082 2606 proprium,
1107 2553 1143 2602 a)
1174 2547 1427 2606 Episcopum
1465 2548 1769 2591 residentialem

138 2618 231 2675 (6151
248 2620 438 2662 nondum
464 2619 772 2676 consecratum)
799 2623 957 2663 ratione
981 2619 1146 2664 habitae
1169 2632 1216 2663 ac
1240 2632 1452 2676 possessae
1476 2618 1770 2662 iurisdictionis

136 2690 383 2745 ordinariae,
412 2690 474 2733 vel
512 2692 672 2734 ratione
705 2690 960 2734 characteris
992 2693 1088 2748 quia
1121 2690 1335 2734 subditur:
1371 2690 1498 2732 etiam
1532 2702 1642 2731 mere
1675 2689 1769 2731 {llu-

137 2759 282 2814 larem,
309 2759 351 2817 b)
376 2765 451 2803 aul
474 2759 667 2803 Abbatem
691 2760 755 2803 uel
774 2759 1019 2804 Praelalum
1053 2759 1228 2817 nullius,
1247 2774 1351 2818 quos
1383 2760 1527 2803 delinit
1560 2772 1647 2803 6311.
1670 2759 1766 2814 319,

136 2830 176 2887 6)
211 2829 274 2873 vel
307 2830 502 2888 aliquem,
542 2833 611 2888 qui
646 2844 725 2874 non
760 2833 811 2874 sit
846 2833 1038 2887 proprius
1070 2828 1337 2885 Ordinarius,
1370 2843 1463 2874 nani
1499 2830 1549 2873 de
1584 2830 1659 2873 hoc
1692 2835 1768 2873 sta-

138 2902 266 2943 tuitur
285 2902 412 2956 prius,
430 2913 481 2942 ea:
504 2899 729 2957 supremis,
745 2894 822 2958 'qui
851 2902 889 2943 in
914 2913 960 2944 ea
985 2899 1187 2957 religione
1209 2900 1475 2957 Superiorem
1500 2912 1579 2942 11611
1599 2898 1765 2955 habent,
