1981 3182
112 104 205 140 van.
232 101 437 137 2233-2235
462 102 547 136 Trr.
568 102 635 136 VI.
656 123 668 127 -
687 102 744 137 De
761 103 928 137 subiecto
945 105 1136 136 coactione
1148 104 1333 146 potestati
1351 103 1517 136 obnoxio
1695 101 1741 137 79

112 224 322 279 sequentis
355 220 476 264 Dubii
511 221 755 264 solutionem
782 221 818 263 ¹:
856 219 940 264 XV.
970 236 991 260 «
1016 219 1177 273 Utrum,
1201 220 1249 262 ad
1277 232 1462 263 normam
1490 217 1585 263 can.
1613 220 1739 263 2233.

113 295 137 347 g
171 293 208 343 ⁶2,
243 291 295 335 ob
331 291 596 334 violationem
643 293 850 347 praecepti
897 290 1131 346 peculiaris,
1165 291 1274 347 quod
1310 293 1609 333 communitum
1655 295 1743 334 erat

112 375 286 407 censura
322 362 515 405 serendae
548 364 789 416 sententiae,
814 363 949 403 statim
979 365 1064 416 post
1089 360 1285 403 delictum
1311 361 1625 416 comprobatum
1651 374 1743 403 cen-

111 446 206 476 sura
241 433 371 488 intligi
407 434 550 488 possit3
585 444 634 475 an
675 444 771 474 vero
811 431 1112 487 praemittenda
1155 432 1207 472 sit
1250 443 1356 473 nova
1403 433 1584 474 monitio.
1620 430 1740 486 Resp.

112 504 372 547 Affirmative
405 502 454 546 ad
492 502 563 544 1³⁰³
599 506 772 558 partem,
805 504 999 556 negative
1034 500 1082 543 ad
1120 501 1192 543 2²⁰²
1215 516 1254 544 ».

229 572 316 616 Non
337 586 456 616 secus
474 577 639 615 cautum
662 576 748 614 erat
769 574 806 613 in
831 573 958 613 reteri
984 573 1086 613 iure.
1106 570 1171 613 Sic
1196 573 1303 612 enim
1330 571 1517 613 decernit
1536 570 1670 613 lnnoe.
1693 570 1740 613 ΙΙΙ

113 647 151 687 in
185 643 310 689 Cone.
344 642 526 700 generali
552 641 590 686 2;
630 644 714 686 «Si
749 644 841 698 quis
874 646 1011 684 autern
1048 641 1262 698 (clericus)
1297 654 1420 696 super
1459 641 1521 683 his
1554 641 1740 697 (uempe:

112 714 281 772 crapula
315 720 353 758 et
387 714 605 769 ebrietate)
629 726 672 755 se
696 711 945 768 culpabilem
972 711 1222 765 exhibuerit,
1247 714 1321 754 nisi
1347 724 1367 753 a
1393 712 1613 767 Superiore
1637 725 1744 754 com-

114 788 292 829 monitus
314 785 572 838 satisfecerit,
591 783 643 827 ab
666 784 801 826 officio
829 783 890 826 vel
917 783 1118 826 beneticio
1141 783 1418 839 suspendatur
1440 798 1478 824 )).
1503 782 1558 825 De
1582 796 1745 825 excom-

114 858 392 900 municatione
427 855 604 911 idipsum
643 854 795 910 pluries
829 856 867 896 in
904 853 1189 896 Decretalilius
1234 855 1444 896 invenitur
1477 866 1523 896 ae
1558 855 1745 895 severius

112 929 429 985 praescriptum,
463 931 586 983 atque
632 927 669 968 in
716 927 803 981 ipso
847 926 968 967 (Ione.
1004 924 1113 967 Trid.
1150 938 1246 969 sess.
1284 922 1395 966 XXV
1436 924 1487 967 de
1529 925 1601 967 ref.
1634 938 1668 967 c.
1704 927 1742 967 3.

112 1000 247 1056 Atque
281 999 515 1041 communis
549 996 771 1039 Doctorum
805 998 1007 1039 sententia
1045 996 1149 1038 idem
1186 996 1439 1038 servandum
1487 994 1658 1037 docebat
1694 995 1743 1037 de

112 1068 295 1127 qualibet
328 1080 516 1111 censura.

232 1139 298 1182 54.
336 1140 408 1185 De
441 1140 713 1195 infligendo
747 1140 965 1183 remedio
999 1139 1196 1193 poenali
1232 1135 1584 1192 praescribitean.
1606 1137 1745 1187 2:²34,

115 1216 198 1254 tum
234 1210 447 1266 complens
480 1222 679 1252 canonem
733 1209 1068 1261 praecedentem,
1103 1213 1187 1250 tum
1230 1211 1418 1262 respectu
1468 1206 1746 1263 delinquentis

115 1283 333 1338 perticiens
365 1284 417 1335 ξω
443 1280 510 1335 2¹²²,
535 1286 642 1323 can.⁸
665 1280 792 1324 2224.
819 1279 895 1322 lste
931 1279 1113 1335 loquitur
1145 1278 1442 1320 disiunctivum
1479 1278 1646 1319 niodum
1684 1290 1744 1319 re-

115 1356 279 1396 mittens
313 1352 451 1405 iudici,
488 1364 684 1408 praeseus
717 1356 854 1394 autem
907 1364 1037 1393 (anon
1090 1351 1366 1405 praeceptiris
1417 1347 1555 1391 verbis
1606 1350 1743 1391 utitur.

113 1423 269 1469 Citatus
301 1436 431 1466 canon
457 1423 551 1466 «de
585 1422 721 1479 aliqua
759 1424 1007 1478 poenitentia
1047 1421 1108 1463 rel
1147 1420 1329 1463 remedio
1365 1419 1572 1475 poenali»
1601 1424 1637 1461 et
1674 1432 1746 1475 pro

115 1508 192 1538 uua
241 1495 493 1537 disiunctive
543 1498 657 1549 parte
707 1493 901 1550 loquitur,
937 1505 1131 1548 praesens
1179 1496 1316 1534 autem
1357 1493 1443 1533 sine
1490 1493 1746 1533 restrictione

115 1571 237 1624 atque
263 1565 491 1608 remedium
520 1564 689 1620 poenale
714 1564 1000 1607 tantummodo
1024 1565 1238 1619 expressit.
1264 1561 1484 1605 Videlicet:
1515 1560 1597 1614 Qui
1618 1561 1745 1618 plura

114 1638 298 1680 eiusdem
352 1635 414 1679 rel
462 1636 654 1679 divorsae
703 1636 912 1692 qualitatis
961 1634 1116 1677 delicta
1160 1634 1381 1676 conmisit.
1419 1633 1572 1689 pluries
1620 1645 1747 1687 agens

113 1712 255 1751 contra
303 1707 493 1750 eamdem
545 1706 675 1762 legem
728 1705 958 1762 poenalem,
997 1705 1057 1748 rel
1100 1704 1334 1748 huiusmodi
1386 1704 1574 1747 diversas
1622 1706 1743 1745 etiam

113 1777 255 1831 semel,
290 1791 454 1835 unoque
502 1782 610 1831 actu,
647 1776 970 1833 transgrediens,
1006 1790 1084 1818 non
1125 1775 1245 1818 inmte
1281 1775 1470 1832 marias,
1505 1787 1627 1831 quam
1674 1787 1746 1830 pro

116 1862 194 1892 uno
229 1863 278 1892 ex
312 1848 375 1891 liis
408 1848 570 1891 delictis
601 1848 750 1905 pmziri
782 1847 917 1902 dehet,
954 1853 995 1890 ut
1029 1850 1217 1904 sequitur
1250 1861 1298 1889 ex
1334 1849 1399 1889 cit.
1425 1858 1583 1889 canone
1618 1845 1745 1890 2224.

113 1919 185 1963 sed
207 1920 257 1971 si,
278 1919 480 1977 prudenti
504 1918 658 1962 ¹iudicis
681 1918 875 1967 arbitrio,
903 1919 1073 1974 proinde
1097 1918 1357 1960 solummodo
1384 1919 1420 1958 in
1448 1916 1610 1959 iudiciis
1636 1918 1745 1971 viget

114 1990 191 2034 hoe
225 1993 541 2047 praescriptum,
577 2004 642 2033 res
679 1990 722 2033 id
753 1990 882 2048 serat,
908 1996 1003 2033 tune
1037 1989 1188 2031 subiici
1220 1988 1271 2031 al)
1304 2001 1350 2030 eo
1385 1987 1511 2029 eliam
1545 1985 1659 2029 dehet
1693 1999 1742 2029 ex

113 2065 281 2105 canonis
315 2065 425 2105 iussu
451 2062 491 2119 a)
527 2061 775 2119 riyilantiae
811 2061 870 2103 rel
905 2060 946 2116 b)
982 2060 1060 2102 alie·
1095 2058 1275 2115 remedio
1318 2057 1506 2116 poenali,
1546 2071 1638 2100 eum
1686 2056 1747 2099 llis

113 2132 314 2189 enim2illa
349 2137 674 2176 conmrmeratur
709 2135 746 2175 in
781 2146 872 2175 ean.
908 2132 1032 2174 2:30⁶.

232 2204 298 2247 ὃὸ.
333 2205 405 2250 De
447 2218 610 2261 poena
657 2205 930 2255 inferenda,
973 2205 1085 2248 dum
1129 2205 1262 2248 absit
1309 2203 1537 2247 delictum
1582 2202 1747 2256 proprie

113 2274 283 2328 dictum,
304 2275 374 2318 sed
403 2277 439 2317 in
461 2275 606 2317 ordine
627 2275 675 2317 ad
699 2275 831 2330 legem
861 2288 957 2316 rere
982 2273 1212 2329 poenalem.
1234 2271 1478 2329 praescribit
1497 2285 1587 2314 ean.
1607 2272 1745 2314 2235.

114 2345 161 2388 Et
195 2345 290 2389 liinc
323 2345 545 2388 adnotetur
579 2346 809 2388 differentia
847 2344 956 2387 liunc
991 2346 1097 2386 inter
1130 2349 1167 2385 et
1203 2343 1537 2400 631].2222Ξ’1
1579 2344 1743 2398 permit-

115 2407 264 2458 tentem
312 2416 495 2472 legitimo
539 2416 766 2471 Superiori,
802 2420 843 2458 ut
885 2427 1058 2471 poenam
1105 2415 1263 2469 intligat
1308 2419 1474 2469 propter
1519 2419 1744 2468 transgres-

113 2489 269 2529 sionem
307 2486 422 2543 legis,
457 2499 561 2543 quae
601 2486 799 2529 «nullam
834 2488 1089 2529 sanctionem
1124 2487 1352 2540 appositam
1394 2483 1542 2527 habeat
1567 2500 1605 2524 )).
1639 2483 1743 2525 Exa-

114 2560 319 2600 minemus
360 2562 615 2613 praesentem
662 2570 878 2609 canonem,
912 2558 982 2613 qui
1016 2555 1193 2611 complet
1227 2557 1279 2608 ξω
1314 2555 1380 2608 3¹³,
1416 2557 1585 2597 canonis
1618 2553 1742 2596 2224.

117 2627 319 2671 Delietmn
364 2628 620 2684 frustratum
661 2643 681 2667 ‹(
707 2630 872 2683 proprio
898 2629 1062 2669 mimine
1087 2642 1125 2679 )),
1162 2630 1201 2667 ut
1236 2630 1295 2668 est
1330 2628 1367 2668 in
1402 2639 1491 2669 can.
1520 2625 1646 2679 2212,
1668 2623 1696 2681 g
1722 2624 1742 2665 2

117 2806 142 2837 (*
232 2760 253 2817 ¹⁷
272 2758 475 2817 Commissa
506 2757 621 2791 Pont.
652 2757 698 2791 ad
725 2769 776 2791 ss.
799 2767 965 2790 canones
992 2756 1102 2790 auth.
1125 2755 1455 2800 intelpretandos.
1479 2756 1522 2788 14
1540 2754 1614 2787 Iul.
1639 2754 1740 2786 1922.

128 2805 191 2840 AO.
219 2805 438 2896 {252³prss
459 2852 538 2885 «de
565 2852 649 2885 vita
675 2855 714 2885 et
742 2851 950 2885 honestate
976 2850 1240 2884 clericorum»
1265 2850 1350 2891 (111,
1378 2852 1412 2891 1)
1440 2849 1489 2882 X.
