1981 3182
235 86 305 120 280
597 87 682 123 Lm.
711 87 753 121 V.
782 107 795 113 -
815 88 924 123 PARS
941 88 1013 123 III.
1033 109 1044 114 -
1063 89 1120 124 De
1133 93 1269 134 poenis
1287 94 1329 125 in
1347 92 1486 126 delicta
1645 91 1738 128 Can.
1763 93 1857 128 2366

235 208 304 262 qui
324 208 481 249 ratione
500 207 656 249 ordinis
679 212 777 250 «est
799 210 984 251 minister
1005 211 1251 252 sacramenti
1278 212 1552 265 poenitentiae
1570 227 1592 251 ›>
1616 211 1723 268 (can.
1739 212 1856 268 871),

237 275 491 332 proindeque
515 275 566 319 ob
589 290 767 333 sequens
789 277 984 320 delictum
1012 291 1089 321 non
1116 281 1288 322 incurrit
1312 280 1660 336 irregularitatem
1688 283 1854 325 citatam

236 348 273 388 in
309 351 416 388 can.⁶
451 346 613 401 pi·aec.¹.
647 347 718 404 qni
751 352 929 390 attamen
964 349 1054 391 sine
1088 349 1325 391 necessaria
1359 349 1411 393 ob
1444 363 1532 393 can.
1569 352 1650 394 872
1685 351 1858 394 iurisdi-

236 415 383 464 ctione,
417 419 506 459 sive
540 419 748 460 ordinaria
783 418 832 461 ad
869 432 1055 462 normam
1089 433 1177 462 can.
1214 420 1311 473 873,
1338 423 1426 463 sive
1459 421 1647 478 delegata
1685 422 1733 465 ad
1770 436 1858 465 nor-

238 499 342 528 mam
369 499 458 529 can.
484 487 562 529 874
596 486 617 527 ὲ(
640 488 689 530 ad
717 489 973 544 recipiendas
996 491 1270 533 confessiones
1303 491 1585 548 quorumlibet
1608 494 1697 535 sive
1719 505 1858 536 saecu-

236 556 382 599 larium
418 559 506 600 sive
542 558 868 613 religiosorum»
910 562 1107 612 virorum,
1147 560 1207 603 vel
1241 561 1290 603 ad
1327 574 1512 604 normam
1547 575 1635 605 can.
1668 564 1751 606 875
1787 577 1859 619 pro

239 628 487 683 recipiendis
535 629 861 673 confessionibus
909 632 1184 687 quorumdam
1237 644 1286 674 ex
1309 632 1435 680 ·.ittis,.
1468 632 1531 676 vel
1577 633 1625 676 ad
1672 647 1857 676 normam

237 712 325 741 can.
352 700 433 741 876
463 700 555 742 «ad
583 702 862 743 confessiones
895 714 1256 759 quarumcumque
1286 703 1572 759 religiosarum
1609 717 1656 748 ac
1688 707 1860 747 novitia-

238 783 326 812 rum
365 770 500 813 valide
532 776 571 813 et
605 770 713 813 licite
749 773 1067 827 recipiendas»,
1091 774 1436 831 pritesemmserz't,
1463 774 1569 818 unde
1609 790 1628 815 (t
1652 775 1860 832 quaelibet

238 840 567 895 imputabilitatis
601 843 832 883 imminutio
865 844 953 884 sive
987 856 1034 884 ex
1071 848 1184 898 parte
1219 843 1494 887 intellectus»
1534 844 1725 902 (excepta
1750 847 1860 900 igno-

240 913 366 953 rantia
402 910 622 967 allectata),
663 925 699 954 v.
733 925 793 966 gr.
829 914 922 968 quia
970 917 1082 967 putat
1125 926 1297 956 erronee
1332 914 1483 957 babere
1519 915 1860 969 iurisdictionem,

237 983 332 1037 quia
368 984 530 1037 ignorat
562 985 832 1025 cessationem
870 984 1006 1038 ipsius.
1045 982 1107 1026 vel
1142 984 1302 1027 dubitat
1336 985 1385 1027 de
1422 988 1698 1038 revocatione,
1729 1001 1748 1026 c(
1772 988 1860 1028 sive

237 1064 284 1093 ex
322 1056 436 1107 parte
474 1051 694 1094 voluntatis
728 1054 872 1094 eximit
905 1065 926 1094 a
958 1052 1223 1110 subsequenti
1261 1068 1432 1111 poena»
1465 1055 1574 1111 (can.
1600 1056 1727 1109 2229,
1750 1058 1775 1110 ἓ
1799 1056 1857 1111 ⁶2),

237 1121 566 1164 sam-amentales
599 1121 880 1179 consessiones
912 1122 1075 1171 audire,
1101 1125 1207 1180 quod
1236 1127 1312 1167 iam
1338 1131 1395 1168 est
1422 1126 1529 1169 illius
1563 1127 1860 1170 iurisdictionis

238 1195 479 1236 exercitium
517 1195 554 1235 in
589 1194 876 1248 cognoscenda
910 1206 1031 1237 causa
1069 1195 1300 1247 iudicanda„
1335 1199 1528 1253 quamvis
1560 1197 1858 1241 absolutionem

239 1277 317 1305 non
354 1266 624 1320 impertiatur,
660 1269 720 1305 es!
756 1264 844 1321 ipso
877 1263 990 1322 facto
1015 1267 1210 1321 peccandi
1235 1269 1421 1322 graviter
1457 1270 1494 1310 in
1531 1269 1710 1324 praefata
1733 1270 1857 1311 etiam

240 1337 360 1377 unius
404 1335 672 1377 confessionis
714 1335 937 1379 auditione.
971 1349 1195 1393 suspensus
1228 1351 1253 1379 a
1287 1337 1457 1394 (livinis,
1496 1351 1602 1396 quae
1645 1341 1860 1395 suspensio

244 1410 350 1447 vetat
390 1421 407 1444 «
433 1418 596 1447 omnem
632 1410 768 1448 actum
796 1408 1006 1461 potestatis
1040 1406 1195 1450 ordinis
1227 1420 1350 1465 quam
1376 1410 1468 1461 quis
1490 1412 1579 1452 sive
1603 1422 1676 1465 per
1698 1421 1859 1452 sacrani

240 1476 541 1519 ordinationem
577 1478 666 1518 sive
701 1490 772 1532 per
807 1477 1071 1533 prixilegium
1108 1477 1261 1521 obtinet
1285 1494 1307 1519 »
1346 1479 1453 1536 (can.
1490 1480 1615 1532 9279,
1647 1480 1674 1538 ἓ
1708 1480 1745 1535 2,
1782 1479 1859 1536 90),

240 1552 276 1588 et
314 1547 485 1602 proinde
508 1548 539 1589 si
564 1560 637 1589 suo
663 1547 853 1602 praefato
875 1547 1026 1590 delicto
1059 1549 1398 1592 sacramentalem
1424 1549 1723 1594 absolutionem
1749 1553 1861 1607 equi-

239 1618 331 1660 dem
368 1617 521 1660 nullam
556 1618 869 1674 superadderet,
904 1630 997 1661 cum
1049 1619 1124 1662 lioc
1172 1620 1328 1663 ordinis
1365 1621 1633 1664 sacerdotalis
1665 1625 1862 1665 exercitio

241 1690 467 1731 incurreret
504 1688 853 1744 irregularitatem
888 1702 937 1732 ex
973 1689 1122 1732 delicto
1155 1691 1203 1733 ad
1243 1704 1427 1734 normam
1463 1704 1548 1736 can.
1590 1693 1687 1745 985,
1721 1705 1759 1734 n.
1793 1691 1859 1746 7⁰3

240 1759 310 1816 qui
345 1772 450 1811 vero,
485 1759 714 1815 supplendo
748 1773 796 1802 ex
833 1762 963 1816 prima
998 1763 1167 1804 canonis
1202 1767 1315 1816 parte
1352 1762 1589 1806 «sacerdos
1611 1765 1699 1806 sine
1722 1776 1860 1806 neces-

239 1832 346 1874 saria
381 1830 666 1873 iurisdictione
701 1833 1086 1887 praesumpserit»,
1121 1845 1225 1888 quae
1259 1832 1441 1876 clausula
1488 1835 1714 1891 requiritur
1747 1845 1768 1876 a
1801 1846 1862 1876 se-

241 1903 379 1958 quenti
417 1903 696 1958 propositione
721 1902 913 1944 infinitivi
939 1903 1067 1945 modi:
1103 1917 1127 1945 α
1156 1903 1340 1960 peccatis
1372 1904 1615 1956 reservatis,
1640 1905 1691 1947 de
1714 1903 1864 1962 quibus

242 1976 390 2015 tractat
432 1984 520 2029 cap.
556 1972 588 2014 ll
627 1988 648 2013 <‹
671 1972 721 2015 de
766 1975 1047 2016 reservatione
1092 1978 1353 2029 peccatorum
1378 1990 1400 2015 »
1439 1976 1475 2017 in
1511 1974 1644 2018 Titulo
1678 1973 1728 2017 lV
1766 1990 1788 2015 «
1812 1975 1862 2017 de

244 2045 557 2099 poenitentia»,
592 2042 820 2097 absolvere,
855 2057 902 2087 ac
935 2046 1094 2087 etiamsi
1131 2049 1296 2100 propter
1319 2045 1396 2088 alia
1424 2051 1590 2101 peccata
1620 2048 1864 2102 poenitentis

243 2116 318 2156 rite
352 2114 536 2170 dispositi
575 2114 709 2157 valida
744 2118 940 2158 existeret
973 2114 1197 2163 absolutio;
1241 2116 1436 2159 sacerdos
1477 2130 1573 2160 vero
1607 2117 1864 2174 delinquens,

243 2189 283 2227 ut
309 2185 464 2228 dictum
491 2191 563 2240 est,
590 2186 678 2242 ipso
711 2185 824 2243 sacto
857 2200 1084 2244 suspensus
1106 2193 1166 2229 est
1190 2186 1238 2229 ab
1262 2186 1486 2230 audiendis
1519 2187 1863 2246 confessionibus,

242 2268 348 2312 quae
381 2258 594 2312 suspensio
628 2259 791 2313 attingit
825 2262 953 2300 totum
986 2259 1231 2301 exercitium
1270 2259 1438 2314 praefati
1475 2261 1688 2302 ministerii
1728 2259 1861 2316 quoad

243 2330 484 2380 potestatem
520 2327 677 2369 ordinis
709 2340 756 2370 ac
791 2328 1098 2371 iurisdictionis.
1133 2328 1267 2385 Atque
1291 2327 1367 2371 liae
1392 2329 1498 2372 duae
1526 2341 1726 2374 censurae
1759 2328 1864 2372 latae

242 2398 469 2439 sententiae
503 2402 596 2440 sunt
630 2397 680 2440 de
714 2411 822 2440 novo
855 2410 876 2440 a
911 2398 1061 2442 Codice
1096 2398 1302 2441 inductae.

363 2467 458 2509 209.
496 2468 679 2514 Contra
711 2471 939 2515 delictum
963 2471 1255 2516 absolvendi
1279 2473 1563 2528 complicem
1587 2473 1633 2516 in
1658 2476 1862 2528 peccato

241 2540 390 2593 turpi.
417 2564 468 2567 —
495 2538 643 2581 Bened.
666 2538 754 2581 XlV
781 2542 819 2582 in
843 2553 916 2583 sua
940 2545 1066 2583 const.
1107 2556 1129 2581 «
1151 2540 1462 2584 Sacramentum
1492 2541 1768 2585 Poenitentiae
1792 2557 1811 2582 »
1838 2541 1866 2595 ¹,

243 2620 366 2663 quam
402 2611 560 2665 integre
599 2612 738 2665 vigere
772 2610 953 2653 diximus
986 2611 1035 2654 ad
1070 2623 1159 2654 can.
1195 2611 1292 2664 884,
1327 2625 1374 2655 eo
1407 2612 1516 2668 quod
1550 2611 1692 2655 saltem
1733 2611 1866 2668 impli-

245 2680 367 2721 citam
404 2681 441 2721 in
476 2680 667 2722 omnibus
700 2682 784 2723 suis
818 2680 1002 2737 partibus
1036 2682 1219 2725 referunt
1261 2694 1392 2725 canon
1431 2684 1579 2725 citatus
1611 2695 1704 2725 cum
1738 2681 1865 2725 altero

366 2832 376 2852 ¹
406 2833 422 2865 1
451 2832 538 2866 Iun.
569 2833 670 2867 1741.
