1981 3182
225 130 296 163 ‘240

227 248 380 293 ligiosus.
399 249 537 295 proprio
563 249 672 284 officio
698 255 730 285 et
758 250 938 286 habilitate
962 251 1006 286 ad

224 302 337 331 cetera
378 296 500 335 officia.
538 302 670 342 praeter
711 297 797 331 alias
835 308 1006 342 congruas

227 354 353 389 poenas
371 354 391 378 a
410 342 654 389 Superioribus
681 343 910 388 infligendas:
940 346 1006 381 Or-

225 392 383 426 dinarius
411 402 489 426 vero
519 391 648 436 aliique
681 391 810 432 clerici.
839 391 1003 434 officium,

226 438 449 476 beneficium.
475 438 694 482 dignitatem,
723 450 851 474 munus
886 439 921 474 in
950 439 1009 474 Ec—

226 486 331 521 clesia
369 485 579 529 obtinentes,
608 486 742 520 solvant
782 486 926 532 duplum
962 487 1008 522 ta-

229 544 307 568 vore
332 533 497 568 ecclesiae
525 533 575 568 vel
604 533 680 578 piae
710 544 834 569 causae
874 534 1005 571 laesae:

228 580 329 615 ceteri
362 579 475 615 clerici
515 580 776 625 suspendantur
800 581 843 616 ad
872 586 1008 627 tempus

227 628 271 662 ab
299 627 487 663 Ordinario
513 627 770 668 definiendum3

325 674 361 708 30
390 673 488 718 Quod
516 674 543 708 si
573 674 827 720 beneplacitum
846 676 1008 721 apostoli-

229 733 318 762 cum,
340 722 373 756 in
397 722 595 757 memoratis
620 722 815 757 canonibus
843 723 1009 768 praescri-

232 774 341 815 ptum,
384 769 486 804 fuerit.
522 769 672 805 scienter
711 771 1007 815 praetermissum,

228 827 350 852 omnes
388 817 509 862 quovis
547 817 648 852 modo
684 827 760 852 reos
793 818 865 852 sive
894 817 1009 853 dando

604 130 688 164 121ss.
710 151 720 155 -
746 131 782 165 V.
802 131 912 166 PARS
930 131 999 167 III.
1020 152 1033 157 -
1051 133 1108 167 De
1120 135 1260 177 poenis
1279 136 1321 167 z’n
1338 134 1479 168 delicta

1412 0 1423 10 v
1458 0 1466 3 -
1479 0 1485 5 ι
1495 0 1499 6 ι
1508 0 1981 74 -uq'vww

1956 67 1977 81 ⁴⁵5¹

1643 134 1744 170 Gan.
1767 135 1862 171 2345

1080 251 1150 286 sive
1177 251 1376 296 recipiendo
1413 252 1485 287 sive
1521 263 1732 288 consensum
1765 265 1862 300 prae-

1081 298 1209 339 bendo,
1227 303 1345 333 manet
1361 304 1535 344 praeterea
1549 301 1862 337 excommunicatio

1081 348 1170 380 latae
1196 346 1390 381 sententiae
1418 346 1550 381 nemini
1578 352 1763 383 reservata.

1128 392 1212 427 CAN.
1243 390 1345 427 2348.
1367 413 1383 418 -
1404 392 1470 437 Qui
1500 393 1649 439 legatum
1678 394 1729 430 vel
1757 395 1859 430 dona-

1082 439 1212 474 tionem
1239 440 1281 474 ad
1309 451 1431 475 causas
1466 440 1540 486 pias
1569 441 1640 477 sive
1666 447 1744 477 actu
1772 442 1862 478 inter

1084 487 1177 521 vivos
1208 486 1280 522 sive
1310 492 1529 529 testamento,
1558 488 1661 524 etiam
1691 500 1750 534 per
1775 489 1861 524 fidu-

1082 534 1182 573 ciam,
1201 533 1391 570 obtinuerit
1416 539 1449 570 et
1475 535 1620 581 implere
1640 536 1803 581 negligat.
1818 536 1862 571 ab

1083 579 1283 625 Ordinario,
1313 581 1418 616 etiam
1447 593 1506 627 per
1531 593 1730 627 censuram,
1757 584 1801 619 ad
1829 584 1862 619 id

1082 633 1234 673 cogatur.

1130 675 1214 710 st.
1245 674 1348 710 2349.
1380 697 1396 701 -
1425 675 1636 712 Recusantes
1663 679 1862 723 praestatio·

1084 734 1144 757 nes
1172 723 1324 767 legitime
1349 723 1484 758 debitas
1517 723 1559 758 ad
1594 735 1755 759 normam
1782 735 1860 760 can.

1083 769 1162 811 4153,
1188 774 1206 816 ξ
1240 771 1265 810 l,
1296 769 1395 811 1507,
1422 770 1583 816 prudenti
1622 771 1766 807 arbitrio
1799 769 1862 808 Or·

1080 817 1206 852 dinarii
1237 818 1441 861 puniantur,
1475 818 1583 853 donec
1613 818 1863 856 satisfecerint.

357 960 445 1002 186.
481 962 529 1005 In
563 961 900 1005 defensionem
933 963 1176 1006 bonorum
1211 964 1259 1006 et
1291 962 1464 1006 iurium
1499 963 1749 1007 Ecclesiae
1773 963 1863 1008 Ro·

231 1045 408 1076 manae
440 1030 575 1088 quoad
603 1030 831 1086 temporale
855 1030 1084 1073 dominium
1111 1031 1302 1074 conditus
1326 1036 1383 1074 est
1409 1045 1500 1073 ean.
1523 1032 1662 1087 2345,
1690 1037 1731 1075 ut
1755 1037 1863 1089 patet

231 1115 278 1143 ex
315 1106 526 1153 contextu,
561 1101 803 1157 desumptus
837 1114 884 1143 ex
922 1114 959 1143 n.
986 1101 1052 1149 12,
1077 1101 1104 1158 ξ
1143 1102 1175 1152 i,
1201 1107 1346 1145 const}
1373 1102 1675 1158 «Apostolicae
1697 1103 1815 1146 Sedis
1838 1118 1858 1144 ))

231 1171 286 1214 Pii
324 1170 390 1223 lx,
425 1174 543 1214 cuius
577 1177 711 1214 textus
750 1177 830 1214 est:
872 1171 1177 1221 «invadentes,
1211 1172 1485 1226 destruentes,
1519 1173 1750 1216 detinentes
1794 1187 1865 1229 per

230 1256 272 1285 se
309 1242 369 1286 vel
407 1256 478 1298 per
510 1242 611 1285 alios
643 1241 855 1295 Civitates,
890 1242 1050 1288 Terras.
1087 1243 1173 1287 loca
1209 1248 1276 1286 aut
1311 1246 1398 1286 iura
1434 1244 1482 1286 ad
1518 1243 1745 1287 Ecclesiam
1785 1244 1864 1288 Ro-

233 1326 393 1357 manam
432 1316 700 1369 pertinentia:
739 1313 799 1356 vet
839 1319 1097 1370 usurpantes.
1136 1314 1439 1370 perturbantes,
1466 1317 1688 1358 retinentes
1720 1329 1864 1372 supre—

233 1397 340 1427 mam
377 1385 703 1428 iurisdictionem
740 1387 777 1426 in
813 1387 891 1429 eis:
930 1399 1002 1428 nec
1038 1399 1115 1427 non
1142 1386 1190 1428 ad
1214 1385 1375 1441 singula
1407 1385 1616 1441 praedicta
1649 1386 1864 1441 auxilium,

231 1455 465 1507 consilium,
500 1456 683 1499 favorem
727 1456 971 1511 praebentes
995 1472 1032 1501 »,
1071 1482 1122 1486 -
1158 1456 1217 1499 Ex
1252 1458 1563 1512 comparatione
1606 1456 1728 1499 huius
1769 1470 1863 1500 cum

232 1528 436 1582 praesenti
472 1538 629 1568 canone
663 1526 1034 1582 deprehenduntur
1069 1527 1262 1570 inductae
1294 1539 1342 1569 ex
1380 1526 1579 1569 industria
1624 1529 1866 1570 omissiones

231 1596 506 1640 delictorum.⁴
531 1594 661 1640 Verba
707 1599 814 1639 enim
855 1614 872 1635 «
901 1598 1159 1645 invadentes,
1194 1597 1500 1640 destruentes»
1539 1610 1616 1640 non
1659 1600 1865 1641 immerito

232 1672 326 1710 sunt
373 1680 537 1723 pressae
579 1667 754 1721 silentio,
785 1681 832 1710 eo
867 1667 976 1724 quod
1012 1673 1250 1724 supponunt
1284 1667 1511 1723 temporale
1545 1668 1775 1711 dominium
1813 1668 1865 1711 de

233 1740 353 1791 tacto,
388 1738 496 1795 quod
542 1738 644 1781 adeo
690 1740 954 1781 imminutum
1001 1744 1072 1783 est.
1109 1744 1150 1781 ut
1187 1752 1330 1781 revera
1381 1738 1502 1781 liodie
1536 1751 1614 1781 non
1649 1737 1863 1784 habeatur.

235 1808 441 1852 Yon-abula
482 1812 784 1864 «usurpantes,
822 1808 1171 1863 perturbantes».
1206 1810 1399 1865 quamvis
1442 1808 1768 1861 iurisdictionem
1814 1808 1865 1851 de

233 1882 337 1923 facto
372 1885 514 1922 extare
549 1879 765 1935 postulent.
800 1884 980 1922 attamen
1017 1879 1297 1922 diversimode
1345 1879 1454 1922 illam
1497 1881 1735 1935 respiciunt,
1770 1891 1862 1922 nam

235 1950 477 2008 perturbare
513 1953 677 2006 proprie
710 1950 862 1993 dicitur
885 1951 935 1993 de
961 1950 1244 1993 iurisdictione
1269 1950 1335 1993 illa
1360 1952 1575 1994 existente.
1600 1963 1675 1993 nec
1699 1950 1748 1993 ad
1773 1962 1864 1993 eam

234 2023 441 2066 residuam
479 2022 577 2064 illud
616 2021 788 2064 verbum
824 2021 1045 2077 specialem
1081 2022 1399 2077 applicationem
1426 2026 1704 2078 consequetur
1737 2023 1775 2063 in
1811 2021 1866 2064 fu-

234 2099 370 2136 turum
397 2098 571 2148 teinpus,
592 2093 689 2135 dum
716 2092 966 2150 relinquitur
988 2091 1160 2135 verbum
1187 2108 1207 2131 <‹
1234 2104 1436 2148 usurpans
1460 2107 1500 2145 )),
1517 2092 1626 2147 quod
1648 2096 1863 2135 extensum

175 2210 179 2214 .
233 2165 282 2207 ad
308 2181 328 2205 «
354 2164 456 2207 bona
493 2166 652 2207 et.iura
688 2164 736 2207 ad
773 2163 998 2207 Ecclesiam
1037 2163 1262 2207 Romanam
1300 2164 1545 2219 pertinentia
1570 2179 1589 2201 »
1613 2163 1865 2206 sufficienter

235 2242 407 2292 utraque
444 2237 633 2291 protegit.
666 2235 749 2278 Nec
784 2234 1073 2292 delinquentes
1107 2236 1337 2277 accessorie
1371 2238 1439 2276 aut
1463 2234 1733 2276 secundarios
1756 2232 1865 2290 (ver-

236 2306 407 2350 botenus
446 2306 635 2362 omissos)
671 2311 864 2362 reputare
898 2310 1057 2361 oportet
1091 2306 1298 2357 exclusos,
1337 2320 1356 2345 ((
1381 2305 1597 2359 auxilium,
1632 2303 1862 2358 consilium,

232 2380 415 2420 savorem
452 2376 737 2433 praebentes»
777 2376 1114 2433 delinquentibus
1165 2390 1236 2432 per
1280 2377 1588 2431 usurpationem
1624 2379 1693 2417 aut
1727 2375 1865 2417 deten-

232 2450 397 2490 tionem.
424 2460 532 2501 nam,
559 2453 599 2490 ut
623 2448 725 2491 alias
761 2450 1007 2500 monuimus.
1035 2446 1129 2489 huic
1164 2448 1310 2489 canoni
1347 2445 1638 2502 applicandum
1664 2450 1721 2487 est
1749 2456 1863 2500 prae-

230 2521 428 2573 scriptum
465 2525 571 2561 cair*
607 2519 710 2561 2231
783 2534 802 2558 ((
827 2519 866 2562 Si
905 2518 1042 2574 plures
1075 2518 1123 2560 ad
1161 2518 1358 2560 delictum
1409 2516 1731 2572 perpetrandum
1766 2528 1862 2558 con-

230 2591 448 2632 currerint.
476 2589 567 2632 licet
595 2603 698 2632 tinus
734 2594 891 2632 tantum
928 2592 965 2631 in
1003 2588 1091 2644 lege
1126 2591 1376 2641 nominetur,
1403 2590 1426 2630 ii
1452 2600 1616 2644 quoque
1640 2586 1690 2629 de
1714 2585 1864 2643 quibus

231 2662 268 2702 in
315 2672 387 2703 can
441 2660 657 2717 2209,ξέ
693 2660 759 2702 1-3
805 2662 1121 2712 tenentui·,1iisi
1173 2659 1235 2702 lex
1286 2658 1395 2701 aliud
1447 2671 1642 2713 expresse
1690 2658 1863 2710 caverit,
1914 2651 1946 2690 --”

231 2730 374 2773 eadem
412 2743 603 2786 poena».
640 2730 719 2773 Lex
760 2744 856 2773 xero
892 2742 1085 2786 praesens
1124 2746 1145 2770 «
1169 2730 1278 2772 aliud
1315 2741 1509 2784 expresse
1541 2730 1653 2780 (non)
1680 2732 1799 2770 cavet
1822 2742 1860 2768 ».

348 2801 583 2844 Secundum
629 2815 727 2857 ergo
773 2801 878 2844 lianc
923 2806 1171 2857 postremam
1215 2812 1401 2842 normam
1446 2799 1593 2842 damus
1637 2798 1864 2854 praesentis

231 2874 401 2915 canonis
446 2874 844 2928 interpretationem.
883 2870 1104 2914 Yidelicet:
1146 2869 1420 2928 Lfsnrpantes,
1454 2872 1537 2927 qui.
1583 2882 1729 2925 nempe
1767 2866 1862 2910 «ab
