1981 3182
189 142 256 175 284
560 141 642 175 Liss.
670 141 713 174 V.
736 161 749 165 -
770 142 876 174 PARs
896 141 967 175 Ill.
990 161 1001 166 —
1020 142 1075 176 De
1089 145 1224 186 poenis
1244 145 1282 176 in
1303 143 1441 176 delicta
1601 143 1693 179 Can.
1720 144 1813 179 2368

193 266 309 302 vetar
327 259 515 302 ominibus
538 259 758 315 benefieiis,
781 265 900 316 prout
923 261 1177 304 deliniuntur
1202 263 1238 302 in
1265 274 1352 304 can.
1378 262 1502 315 1409,
1521 261 1813 319 dvssynitcitibus,

191 344 297 388 quae
330 330 380 373 ab
414 330 590 373 Abbatia
625 335 664 373 et
699 331 933 374 l‘raelatura
969 331 1120 374 nullius
1145 336 1187 374 ut
1212 333 1402 375 inferiore
1436 333 1564 376 limite
1597 336 1814 390 incipiunt,

193 404 266 445 etsi
301 401 506 458 quaedam
541 415 590 444 ex
625 403 684 444 eis
719 400 917 445 beneficia
951 402 1031 445 dici
1068 416 1144 445 non
1181 408 1329 458 posset,
1354 417 1447 445 ‘voce
1479 404 1615 446 activa
1649 409 1688 447 et
1717 418 1813 462 pas-

193 472 297 525 siva,
333 474 414 514 imo
452 471 588 515 adhuc
631 472 825 528 progredi
871 477 1006 529 posset
1048 474 1266 529 gradatim,
1301 474 1339 529 c>
1373 480 1410 516 e!
1444 473 1646 518 inhabilis
1679 475 1735 518 ad
1766 490 1814 518 ea

194 542 333 585 ovinia
368 541 621 593 declaretur,
657 545 708 585 ita
745 547 787 585 ut
822 542 958 586 valide
986 542 1173 586 oblinere
1208 546 1292 600 ipsa
1329 548 1505 602 nequeat
1529 547 1567 588 in
1594 550 1815 602 posterum,

170 614 374 669 -denique
398 618 436 654 et
462 612 502 655 in
529 611 692 655 casibus
712 612 979 669 yram‘oribm·
1003 613 1304 670 ‹leqradalioni
1327 628 1498 672 quoque,
1537 631 1559 655 ((
1581 628 1687 673 quae
1712 618 1749 658 in
1774 630 1817 659 so

195 686 376 734 continet
400 683 715 739 depositionem,
740 689 980 740 perpetuam
1003 687 1276 740 privationem
1304 685 1467 728 habitus
1491 685 1760 729 ecclesiastici
1780 691 1819 729 et

196 754 478 798 reductionem
503 753 642 797 clerici
668 754 716 797 ad
737 759 887 797 statum
909 755 1094 797 laicalem
1115 771 1134 795 ))
1165 755 1272 812 (can.
1300 756 1426 810 2305,
1443 756 1471 814 ξ
1491 757 1530 811 l)
1553 756 1817 800 subiiciatur.

320 823 444 866 «Lex
481 826 608 867 utitur
645 824 781 867 verbis
816 827 1092 881 praeceptivis
1115 841 1135 866 ))
1175 825 1284 882 (can.
1319 826 1444 880 2223,
1469 827 1496 883 g
1530 827 1590 882 3),
1624 839 1671 871 ac
1694 841 1743 870 ex
1768 827 1821 870 al-

198 899 282 937 tera
320 900 433 950 parte
467 900 527 938 est
562 897 695 951 potius
730 909 858 951 poena
899 912 918 935 «
943 896 1214 939 determinata
1243 914 1260 937 »
1305 897 1413 952 (can.
1450 897 1577 950 2217,
1608 898 1636 956 ἓ
1671 899 1706 949 1,
1743 897 1820 954 10),

200 966 381 1021 pendens
428 970 564 1008 tamen
615 979 635 1009 a
685 966 822 1009 delicti
873 968 1101 1022 gravilate;
1135 973 1387 1024 quapropter
1425 981 1518 1011 cum
1553 967 1691 1012 Codex
1725 968 1821 1012 alibi

200 1036 307 1090 (cau.
350 1037 471 1089 1355,
496 1039 519 1090 ,ξ
545 1036 586 1093 l)
610 1042 783 1081 statuat:
823 1053 844 1077 «
868 1040 988 1079 etiam
1018 1039 1210 1081 inferiora
1237 1037 1470 1091 tribunalia,
1497 1041 1533 1081 in
1559 1041 1694 1082 causis
1716 1052 1822 1097 quae

199 1107 246 1149 ad
282 1108 320 1150 S.
356 1105 491 1151 Ollicii
527 1106 703 1150 tribunal
739 1113 989 1163 spectant»,
1027 1108 1149 1165 (sicut
1183 1114 1243 1152 est
1276 1121 1398 1152 causa
1436 1110 1487 1153 de
1521 1110 1596 1153 lioc
1628 1110 1821 1153 sollicita—

201 1180 321 1220 tionis
369 1180 542 1220 crimine
590 1179 819 1221 secundum
859 1181 956 1221 οἰῐ.111
991 1184 1149 1222 const.m
1182 1179 1333 1222 Bened‚
1368 1179 1491 1234 XlV),
1531 1194 1741 1224 «normas
1773 1180 1824 1224 ab

200 1248 346 1290 eodem
373 1249 547 1291 traditas
570 1254 796 1305 sequantur
819 1254 977 1306 oportet
1000 1266 1038 1303 J),
1057 1250 1309 1293 consulenda
1334 1253 1450 1293 estin
1472 1254 1586 1306 praxi
1608 1251 1824 1295 lnstructio

202 1321 240 1361 ὃ.
275 1320 440 1375 (Iougi·.⁸
473 1320 511 1363 S.
546 1317 682 1364 Officii
708 1320 736 1367 ¹,
773 1319 839 1363 ubi
875 1320 1051 1363 traditur
1084 1321 1231 1363 modus
1266 1322 1515 1377 procedendi
1551 1322 1705 1379 dequo
1728 1322 1824 1365 alibi

202 1403 324 1446 agere
348 1395 521 1446 oportet.
543 1417 594 1421 —
615 1388 759 1443 Quoad
786 1391 1054 1434 Inssictionem
1079 1397 1214 1434 autem
1243 1404 1482 1447 poenarum,
1503 1394 1556 1436 ita
1581 1392 1762 1450 loquitur
1786 1395 1823 1435 in

203 1475 240 1505 n.
282 1462 344 1504 12.
383 1460 603 1513 «Quando
639 1466 852 1518 perspecta
885 1465 1065 1505 evaserit
1100 1465 1245 1518 patrati
1281 1465 1467 1506 criminis
1494 1466 1658 1518 veritas,
1683 1477 1752 1506 reo
1775 1464 1824 1507 ad

202 1532 496 1586 defensmnem,
534 1537 653 1588 prout
686 1534 774 1575 iura
809 1538 1050 1588 exposcunt,
1086 1533 1278 1587 admisso,
1313 1533 1621 1577 deveniendum
1661 1537 1739 1577 erit
1776 1534 1825 1577 ad

205 1603 259 1645 illi
297 1603 631 1647 interdicendum
666 1605 705 1645 in
742 1609 1001 1659 perpetuum,
1038 1617 1086 1646 ne
1130 1605 1408 1648 confessiones
1451 1607 1643 1661 excipiat,
1682 1605 1826 1662 (idest:

207 1678 326 1729 prout
360 1677 397 1715 in
433 1686 589 1717 canone
623 1674 797 1717 dicitur:
837 1675 1159 1730 «suspendatur
1191 1674 1242 1718 ab
1266 1675 1482 1718 audiendis
1505 1676 1830 1720 confessionibus

205 1744 576 1787 sacramentalibus
598 1744 656 1802 »)‚
691 1744 972 1788 subtrahendo
1022 1759 1165 1788 omnes
1212 1750 1251 1788 et
1297 1758 1582 1804 quascumque
1615 1746 1831 1790 facultates

207 1815 255 1857 ad
292 1816 329 1858 id
367 1817 550 1858 muneris
598 1816 732 1858 eidem
783 1818 905 1859 etiam
948 1829 1019 1872 per
1052 1816 1345 1873 quodcumque
1380 1817 1644 1873 privilegium
1682 1817 1743 1860 vel
1780 1817 1831 1861 ab

209 1888 295 1940 ipsa
319 1886 467 1929 Sancta
500 1886 605 1930 Sede
638 1889 924 1943 impertitas».
949 1888 1084 1944 Atque
1108 1887 1184 1930 hoc
1211 1887 1374 1930 videtur
1398 1891 1605 1944 respicere
1628 1888 1696 1932 illa
1719 1888 1828 1932 clau-

208 1956 318 1999 sula:
358 1972 377 1996 «
403 1956 595 2000 inhabilis
628 1957 676 2000 ad
713 1956 802 2000 illas
840 1958 1108 2014 excipiendas
1145 1958 1445 2013 declaretur»,
1478 1972 1572 2001 cum
1607 1958 1832 2002 declaratio

209 2029 259 2069 sit
292 2027 343 2070 de
377 2040 506 2083 poena
541 2029 621 2071 iam
655 2033 879 2077 contracta,
905 2034 942 2071 et
969 2028 1035 2072 illa
1060 2028 1286 2072 declaratio
1311 2028 1442 2085 (iuxta
1482 2029 1605 2073 verba
1639 2032 1830 2074 canonis:

215 2113 235 2137 «
259 2099 380 2141 etiam
418 2112 489 2154 pro
523 2098 662 2141 delicti
697 2099 968 2156 gravitate»)
1016 2101 1067 2142 sit
1100 2100 1377 2156 computanda
1429 2103 1534 2143 inter
1583 2112 1748 2157 poenas,
1783 2101 1833 2143 de

211 2167 361 2224 quibus
394 2168 585 2212 subditur
610 2171 646 2212 in
673 2172 738 2213 cit.
767 2169 961 2213 lnstruc.:
1003 2186 1023 2210 ((
1046 2169 1292 2213 Huiusmodi
1327 2173 1571 2214 sententiam
1606 2170 1834 2228 Episcopus

213 2241 312 2294 ipse,
345 2244 384 2282 et
417 2253 495 2282 non
530 2239 634 2283 alius
667 2240 718 2284 ab
752 2254 799 2284 eo
832 2240 1059 2297 delegatus,
1096 2242 1295 2297 proterat:
1336 2245 1375 2284 et
1412 2255 1485 2298 pro
1519 2242 1641 2285 modo
1674 2241 1834 2298 culpae,

212 2315 335 2366 atque
369 2310 561 2354 omnibus
592 2314 757 2354 attentis
790 2313 1112 2355 circumstantiis
1154 2316 1339 2355 caeteras
1381 2325 1546 2370 quoque
1579 2325 1730 2368 poenas
1763 2326 1831 2355 reo

214 2383 380 2437 irroget,
414 2394 519 2438 quae
554 2384 591 2424 in
626 2382 876 2439 supradietis
900 2383 1120 2439 pontificiis
1142 2382 1511 2427 Constitutionibus
1538 2383 1835 2426 decernuntur.

215 2477 267 2481 —
305 2452 518 2495 Praeterea
552 2455 584 2495 si
618 2466 712 2496 reus
745 2455 783 2496 in
819 2453 972 2497 iudicio
1005 2455 1161 2497 crimen
1197 2454 1406 2497 confessus
1439 2455 1574 2507 suerit,
1608 2466 1835 2510 congruam

215 2521 339 2565 debet
371 2525 559 2566 emittere
592 2522 908 2577 abiurationem,
934 2529 975 2567 ut
998 2537 1041 2567 se
1065 2526 1117 2567 ita
1143 2529 1291 2581 purget
1322 2524 1374 2568 ab
1406 2537 1467 2575 ea,
1490 2537 1614 2582 quam
1649 2526 1834 2579 incurrit,

216 2592 398 2636 haeresis
420 2595 672 2649 suspicione;
698 2599 733 2637 el
759 2594 835 2638 hac
859 2608 1024 2652 quoque
1048 2607 1177 2651 poena
1204 2597 1241 2637 in
1267 2597 1351 2651 ipsa
1375 2597 1576 2638 sententia
1600 2594 1836 2638 mulctetur.

215 2663 447 2707 Notandum
483 2669 556 2718 est,
591 2678 742 2720 poenas
777 2665 1013 2709 huiusmodi
1047 2679 1202 2717 omnes,
1227 2671 1266 2709 et
1299 2668 1427 2722 ipsam
1453 2665 1750 2710 inhabilitatem
1785 2665 1835 2709 ad

216 2738 524 2777 sacrosanctum
550 2733 694 2777 Missae
718 2737 969 2779 sacrificium
995 2735 1289 2779 celebrandum
1326 2735 1383 2793 (in
1417 2749 1574 2780 canone
1597 2747 1834 2792 expressam

340 2888 349 2908 1
377 2887 421 2920 20
450 2886 558 2921 Febr.
588 2888 690 2921 1866.
728 2887 890 2922 Colleet.
929 2888 966 2922 S.
1001 2888 1143 2933 Congr.
1175 2888 1220 2922 de
1249 2889 1290 2922 P.
1320 2888 1363 2922 F.
1393 2900 1431 2922 n.
1463 2889 1565 2923 1282.
