1981 3182
208 139 276 173 :206
586 139 669 173 Ltss.
688 139 732 173 V.
751 159 762 165 -
783 139 892 172 PARS
911 139 979 172 111.
1002 159 1013 164 -
1034 139 1090 174 De
1102 142 1240 184 poenis
1260 142 1301 173 in
1319 141 1458 174 delicta
1509 139 1602 174 Can.
1630 140 1835 175 2318-2319

210 258 390 315 leyentes
416 260 468 301 ita
493 262 534 300 ut
560 258 710 300 idioma
748 259 784 300 in
818 271 899 314 quo
932 260 1072 314 scripti
1107 262 1201 300 sunt
1236 257 1476 313 intelligant,
1501 257 1563 300 vel
1596 258 1837 312 retinentes,

210 329 387 384 eoquod
413 328 489 371 sub
513 342 655 371 eorum
688 327 814 371 libera
848 331 929 371 sint
961 329 1242 384 dispositione,
1276 330 1469 384 quamvis
1501 328 1609 384 apud
1643 328 1744 372 alios
1778 332 1835 372 in-

213 402 432 442 veniantur
467 398 572 442 libri.
607 396 816 443 Omissum
853 404 912 442 est
937 401 974 441 in
999 412 1156 442 canone
1193 398 1365 442 verbum
1391 414 1410 438 ((
1437 401 1720 457 imprimentes
1742 416 1762 441 ³)
1787 401 1837 444 de

210 473 328 513 cuius
359 483 480 513 sensu
515 469 709 512 nonnulla
745 474 861 512 erant
897 472 1074 526 practica
1109 469 1247 513 dubia.

332 541 487 583 Pariter
521 540 609 583 loco
632 553 774 583 eorum
800 556 821 581 «
845 543 911 597 qui
940 543 1181 597 imprimunt
1204 545 1273 583 aut
1298 543 1477 597 imprimi
1503 543 1654 585 faciunt
1679 557 1698 582 ))
1722 541 1837 599 (Dec.

212 611 323 668 gen.)
359 613 489 667 posita
522 616 617 654 sunt
651 613 688 653 in
721 611 749 668 ξ
780 614 811 654 2
846 611 994 654 verba:
1030 612 1243 661 Auctores,
1276 614 1346 669 qni
1383 626 1529 669 nempe
1564 612 1713 656 librum
1747 626 1841 656 con-

214 683 412 733 fecerunt,
452 680 513 723 vel
548 680 691 723 saltem
737 680 959 724 editionem
1013 681 1261 737 peculiarem
1314 684 1602 738 inspiratorum
1640 681 1837 726 librorum

212 757 483 805 curarunt,et
516 751 699 795 editores
724 757 939 808 propterea
974 753 1082 809 quod
1118 758 1308 808 sumptus
1340 753 1531 796 editionis
1562 753 1840 810 suppeditant,

213 823 285 880 qni
316 823 392 866 sub
426 823 661 866 conditione
704 822 796 865 sine
828 822 967 865 debita
1002 823 1173 865 licentia
1212 839 1233 864 «
1257 821 1470 867 Ordinarii
1506 824 1626 867 loci»
1665 825 1713 867 ad
1750 838 1843 867 nor-

215 907 321 937 mam
357 907 447 937 can.
474 894 649 947 1385}
683 894 720 949 2,
745 907 863 950 quae,
899 898 1039 950 utpote
1077 894 1203 937 verbo
1236 894 1435 950 singulari
1470 908 1664 950 expressa
1689 900 1727 938 et
1750 909 1842 938 con-

213 970 410 1022 gruenter
437 964 596 1008 verbis:
622 980 641 1005 (t
665 967 753 1007 sine
771 962 982 1009 Ordinarii
1007 965 1303 1021 approbatione
1327 982 1347 1006 n
1373 968 1409 1008 in
1436 965 1546 1009 Dec.S
1569 972 1739 1022 genens,
1762 979 1841 1008 non

215 1038 380 1092 respicit
409 1052 430 1076 α
454 1035 660 1079 licentiam
696 1038 756 1078 sui
792 1036 1025 1091 Superioris
1059 1038 1238 1089 maioris,
1262 1049 1384 1089 quam
1413 1036 1591 1093 religiosi
1617 1036 1842 1094 (auctores)

214 1112 333 1150 antea
382 1120 547 1164 quoque
594 1108 790 1163 consequi
835 1105 1030 1149 debent»
1070 1106 1141 1163 (ib.
1178 1109 1201 1160 ἓ
1235 1107 1292 1163 3),
1326 1107 1366 1164 a)
1400 1121 1618 1150 sacrarum
1656 1107 1843 1165 Scripta-

213 1192 358 1220 raram
396 1177 527 1220 libros
552 1177 593 1234 b)
619 1176 681 1220 'vet
703 1191 849 1220 earnm
873 1176 1170 1220 adnotationes
1195 1178 1234 1233 c)
1259 1183 1332 1220 ant
1365 1179 1699 1228 commentarios,
1725 1183 1844 1234 prout

215 1249 317 1292 haec
351 1250 487 1292 omnia
524 1251 690 1292 fuerunt
723 1248 932 1291 declarata
968 1251 1004 1291 in
1040 1261 1130 1293 can.
1158 1250 1279 1303 1385,
1304 1252 1328 1304 ἓ
1356 1250 1391 1303 1,
1418 1249 1474 1300 1⁰,
1499 1255 1536 1293 et
1561 1255 1701 1293 contra
1737 1249 1845 1292 illius

216 1332 402 1363 normam
438 1319 626 1377 imprimi
659 1326 826 1374 curant,
860 1319 914 1362 illi
949 1320 1092 1363 saltem
1131 1323 1415 1376 permissione,
1449 1321 1487 1363 lii
1524 1326 1744 1364 tractantes
1774 1334 1846 1377 per

216 1405 258 1433 se
295 1391 353 1433 vel
400 1404 472 1447 per
514 1390 639 1434 alium
685 1405 779 1435 cum
825 1391 1112 1448 typographia,
1148 1404 1226 1434 non
1273 1394 1351 1434 iam
1393 1407 1411 1432 c<
1436 1394 1505 1449 qui
1543 1394 1845 1448 imprimunt»,

218 1460 408 1504 incidant
435 1465 519 1518 ipso
542 1460 656 1519 facto
681 1466 967 1505 consummato
1002 1462 1266 1518 imprimendi
1302 1462 1345 1503 r'n
1378 1462 1844 1505 erc-oramnm'eationem

217 1532 375 1575 nemini
406 1538 681 1586 reservatam,
718 1545 783 1576 «a
817 1545 896 1590 qua
934 1538 1064 1589 potest
1097 1533 1329 1587 absolvere,
1366 1535 1402 1576 in
1440 1535 1524 1576 soro
1556 1533 1844 1576 sacramentali

217 1602 389 1660 quilibet
421 1604 719 1657 confessarius3
755 1608 870 1647 extra
905 1604 1037 1646 forum
1073 1604 1373 1647 sacramentale
1406 1607 1659 1661 quicumque
1683 1604 1846 1646 iurisdi-

217 1676 394 1718 ctionem
431 1677 467 1717 in
502 1675 589 1717 foro
622 1680 793 1718 externo
828 1674 976 1718 babeat
1011 1678 1047 1717 iu
1084 1689 1244 1718 reum»
1283 1676 1392 1731 (can.
1429 1675 1556 1729 2253,
1594 1674 1666 1731 1⁰).

338 1745 435 1788 157.
472 1745 656 1792 Contra
688 1748 883 1797 delicta,
909 1761 1038 1803 quae
1071 1750 1122 1792 ut
1156 1748 1411 1803 plurimum
1431 1748 1658 1792 accidunt
1680 1748 1727 1791 in
1749 1760 1847 1792 ma·

218 1819 460 1863 trimoniis
492 1816 866 1863 mixtis.—Cum
904 1818 1126 1873 praedictis
1160 1819 1433 1860 matrimoniis
1465 1819 1781 1865 connexionem,
1807 1822 1847 1859 ut

222 1886 391 1944 patebit,
425 1886 579 1931 habere
612 1887 731 1930 facile
764 1892 920 1945 queunt
953 1887 1101 1930 delicta
1136 1891 1277 1930 contra
1313 1887 1434 1930 tidem
1470 1900 1517 1930 ac
1551 1889 1748 1930 unitatem
1773 1886 1848 1930 Ec-

221 1958 370 2002 clesiae
403 1970 508 2016 quae
544 1961 659 2015 punit
702 1973 792 2001 ean.
831 1960 965 2010 9319,
1005 1963 1170 2015 propter
1203 1959 1310 2016 quod
1350 1958 1470 2001 huius
1503 1961 1847 2002 commentarium

222 2029 412 2072 dedimus
453 2029 555 2072 alias
597 2029 674 2073 sub
707 2029 949 2086 Appendice
985 2031 1115 2086 prima
1152 2029 1245 2072 vol⁸.
1286 2045 1305 2069 (ι
1330 2028 1387 2072 De
1420 2029 1698 2072 Sacramentis
1724 2047 1759 2069 ».
1797 2055 1847 2059 —

220 2101 248 2156 ,ξ
288 2101 324 2143 1.
364 2099 545 2144 Stcbsunt
594 2100 1017 2143 eoeeomnzmercationi
1064 2100 1180 2143 latae
1225 2100 1459 2143 sententiae
1496 2099 1727 2143 Ordinario
1771 2099 1851 2142 lori

224 2172 332 2227 (can.
368 2171 465 2225 198,
489 2173 513 2225 ἓ
548 2170 590 2227 ⁶2)
625 2177 879 2227 reservatae,
903 2174 971 2228 qui
1001 2187 1023 2211 «
1046 2170 1265 2214 absolvere
1290 2175 1418 2227 potest
1443 2170 1494 2214 ab
1517 2183 1564 2214 ea
1587 2173 1710 2214 etiam
1736 2184 1849 2228 pere·

223 2245 363 2299 griuos
386 2258 405 2283 ))
435 2241 545 2298 (can.
571 2242 698 2296 2253,
724 2241 800 2299 30),
826 2241 1037 2291 catholic-t,
1060 2244 1149 2285 sive
1174 2244 1279 2285 inter
1310 2256 1353 2285 so
1376 2244 1466 2285 sive
1491 2244 1731 2298 praesertim
1757 2255 1850 2285 cum

223 2313 463 2356 acatholicis
496 2315 805 2356 matrimonium
841 2315 1138 2366 contraxerint,
1172 2318 1419 2370 sequentes:

343 2387 381 2426 1⁰
419 2383 501 2437 Oai
538 2384 855 2426 matrimonr'nnt
894 2384 1039 2426 ineunt
1077 2386 1209 2427 «sire
1254 2398 1325 2440 per
1366 2398 1423 2436 se,
1457 2386 1546 2427 six-e
1591 2398 1662 2440 per
1705 2397 1851 2441 procu-

226 2460 403 2498 ratorem
428 2471 449 2495 »
498 2468 638 2497 coram
671 2455 867 2497 ministro
901 2453 1137 2497 acatholico
1166 2471 1187 2495 «
1208 2456 1263 2497 uti
1297 2457 1426 2498 sacris
1459 2455 1668 2498 addicto»
1706 2460 1851 2497 eontra

223 2525 535 2583 praescriptum
568 2539 657 2568 ean.
695 2527 828 2581 1063,
860 2528 884 2579 g
920 2528 954 2575 1,
988 2524 1170 2568 scilicet:
1209 2524 1319 2568 «vel
1354 2530 1448 2568 ante
1485 2525 1549 2568 vel
1585 2530 1674 2582 post
1712 2526 1852 2567 matri-

227 2599 407 2639 monium
443 2609 581 2640 coram
606 2596 792 2640 Ecclesia
826 2598 969 2639 initum
996 2613 1034 2649 »,
1059 2598 1132 2639 etsi
1157 2596 1206 2639 ad
1235 2594 1582 2639 matrimonialem
1607 2608 1852 2639 consensum

227 2667 529 2721 renovandum,
563 2669 682 2711 sicuti
733 2667 824 2711 talis
872 2666 1131 2724 paragrpllus
1180 2668 1255 2710 t'uit
1301 2666 1559 2718 declaratus;
1603 2692 1656 2697 ——
1689 2667 1736 2709 2⁰
1772 2664 1854 2718 Qm·

230 2738 514 2792 rnatrimonio,
536 2740 729 2795 quamvis
762 2738 811 2781 ad
848 2751 1013 2781 normas
1045 2751 1096 2780 ss.
1132 2750 1335 2781 canonum
1372 2737 1579 2780 uniuntur
1610 2750 1701 2779 eum
1730 2741 1853 2794 pacto

228 2810 390 2852 adiecto
426 2808 719 2852 matrimoniali
752 2811 981 2852 contractui
1005 2813 1099 2852 ante
1124 2810 1256 2864 ipsum
1293 2810 1617 2862 matrimonium,
1641 2806 1854 2865 explicito,

229 2882 422 2937 quamvis
468 2879 718 2923 verbotenus
761 2892 807 2923 ac
851 2882 938 2922 sine
978 2878 1297 2923 formalitatibus
1330 2878 1467 2935 legum
1512 2880 1563 2922 de
1608 2879 1750 2935 pactis,
1782 2877 1852 2920 sed
