1981 3182
141 116 234 152 Can.
259 117 353 151 2322
514 117 598 151 Tm.
627 117 719 151 XII.
740 136 753 143 -
772 117 828 151 De
848 118 998 151 delictis
1015 121 1151 152 contra
1169 119 1394 163 religionem
1696 121 1766 154 213

144 235 252 278 illius
284 238 418 279 omnis
452 241 682 292 promanat,
718 235 918 292 pollutum
964 235 1100 283 ducat,
1136 237 1426 280 confitentibus
1463 252 1560 281 vero
1595 239 1770 282 fideliter

143 311 307 363 peccata
344 320 414 349 sua
451 309 619 362 impiam
657 309 695 349 in
733 320 775 349 re
808 308 1055 362 gravissima
1094 308 1279 350 fraudem
1317 309 1465 351 saciant
1488 325 1509 349 »
1536 311 1560 352 ¹.

263 376 300 419 ln
338 376 398 419 liis
431 377 592 421 delictis
625 377 983 420 animadvertatur
1016 376 1158 419 deesse
1198 393 1217 417 ((
1246 378 1392 422 verba:
1434 383 1768 436 praesumpserit,

141 460 266 490 ausus
291 449 428 501 fuerit,
453 450 645 502 scienter,
671 447 806 491 aliave
838 446 1051 497 similia»,
1082 460 1128 490 ac
1165 449 1336 503 proinde
1371 452 1503 492 iux-ari
1540 464 1616 493 11011
1654 464 1771 507 posse

143 518 450 575 delinquentem
485 518 528 572 §⁰
554 518 611 572 ⁶2⁰,
636 523 742 562 cau.⁸
766 518 893 571 2229,
918 518 987 560 sed
1025 519 1109 573 ipse
1143 519 1191 561 ad
1229 532 1416 562 normam
1450 521 1634 563 eiusdem
1665 527 1772 565 0311.ει

144 588 180 642 {³
216 588 253 631 3¹
287 589 757 631 6100111ηηιηῖσαῐίοηθιη
792 588 880 645 ipso
912 586 1027 645 sueto
1062 587 1259 631 alterutro
1292 602 1415 645 supra
1450 591 1659 634 declarato
1683 606 1772 634 con-

147 658 280 702 tralu'l
313 672 333 703 a
367 658 518 703 Codice
564 660 790 711 inductam,
822 673 871 700 ae
912 658 1088 716 speciali
1131 659 1249 702 modo
1284 660 1381 702 Sede·
1413 661 1678 718 Apostolz'eue
1707 676 1771 705 re-

145 736 379 781 servumm;
411 736 450 773 et
481 730 655 787 insuper
685 743 757 772 seu
791 743 886 773 cum
921 742 965 772 ea
1003 729 1107 772 latae
1140 733 1368 773 sententiae
1409 745 1535 787 poena
1581 733 1773 776 omnibus

145 803 355 845 communi
381 803 420 856 α)
445 800 580 843 laicus
614 799 796 857 quidem,
818 803 888 857 qui
914 816 933 839 «
960 805 1090 856 potest
1125 814 1213 843 esse
1248 801 1506 858 religiosus»
1545 803 1650 857 (can.
1677 804 1772 853 107)

146 884 193 914 ac
228 871 429 928 regularis
460 873 699 928 ceteroquin
731 889 745 909 a
773 871 823 913 ab
848 868 1059 914 Ordinarii
1087 871 1162 915 loci
1190 872 1473 916 iurisdictione
1507 880 1725 930 exemptus
1750 890 1768 914 >)

147 942 255 998 (cau.
290 941 406 998 615),
439 942 510 985 sed
545 942 794 998 quandoque
823 957 843 981 α
868 954 889 984 a
924 941 1000 985 loci
1036 940 1260 986 Ordinario
1296 945 1429 999 puniri
1467 949 1594 1000 potest
1622 960 1640 984 ))
1665 944 1772 1001 (can.

148 1013 245 1068 616,
277 1015 300 1068 ξ
333 1012 389 1069 2),
423 1012 603 1056 scilicet:
635 1012 828 1069 privetur
859 1016 895 1065 a)
924 1013 1126 1071 pensione
1158 1014 1376 1057 evidenter
1408 1028 1455 1057 ex
1495 1014 1609 1058 lionis
1642 1016 1773 1058 eccle-

146 1085 335 1135 siasticis,
371 1082 413 1136 b)
447 1088 521 1125 uu!
554 1096 738 1133 munere,
772 1083 809 1125 si
841 1083 949 1140 quod
981 1085 1067 1126 sine
1103 1089 1301 1139 potestate
1340 1085 1496 1127 ordinis
1528 1098 1575 1128 ac
1612 1086 1774 1128 iurisdi-

146 1156 294 1197 ctionis
328 1152 476 1195 habeat
513 1153 553 1195 in
588 1152 794 1203 Ecclesia,
833 1167 868 1197 v.
904 1168 963 1210 gr.
998 1157 1209 1207 sacristae,
1243 1160 1365 1212 atque
1399 1155 1648 1199 disiunctire
1681 1156 1775 1199 alte·

149 1230 261 1267 rutro
284 1226 315 1267 51
343 1229 564 1281 utrumque
588 1223 749 1279 habeat,
777 1230 910 1267 tamen
938 1230 1111 1282 utroque
1137 1228 1291 1281 privari
1319 1231 1451 1282 posset
1479 1229 1515 1268 vi
1541 1227 1773 1270 clausulae:

148 1295 329 1352 aliisque
355 1295 503 1352 poenis
537 1295 613 1338 hoc
648 1298 685 1337 111
722 1295 810 1339 loco
840 1311 859 1336 <‹
885 1295 1213 1339 indeterminatis
1237 1313 1256 1337 )>
1288 1296 1394 1353 (can.
1432 1297 1557 1351 2217,
1580 1298 1608 1355 ξ
1636 1299 1669 1351 1,
1697 1298 1774 1353 10),

147 1368 219 1408 sod
249 1378 328 1423 pro
359 1365 573 1421 qruvz'lale
596 1365 744 1423 culpae
766 1366 932 1409 diversa
957 1379 1004 1409 ex
1031 1368 1353 1409 circumstantiis
1374 1367 1593 1424 pratiatur,
1618 1372 1657 1410 et
1679 1382 1772 1411 cum

155 1452 173 1475 «
200 1435 261 1478 lex
298 1440 435 1478 utatur
472 1435 607 1479 verbis
643 1439 931 1492 praeceptivis,
957 1437 1167 1480 ordinarie
1192 1450 1320 1494 poena
1347 1438 1569 1493 infligenda
1593 1443 1695 1481 est»
1723 1438 1773 1481 ad

151 1518 336 1549 normam
361 1518 451 1549 can.
477 1506 609 1561 2223,
626 1506 654 1564 ξ
678 1507 724 1560 3;
762 1506 804 1563 β)
830 1506 1006 1550 clericus
1039 1521 1147 1561 vero,
1168 1521 1337 1564 nempe:
1368 1524 1388 1548 «
1412 1510 1480 1565 qui
1515 1508 1668 1552 divinis
1702 1511 1773 1551 mi-

126 1579 328 1621 'nisteriis
362 1591 433 1633 per
467 1580 642 1634 primam
675 1577 819 1621 saltem
856 1565 1065 1622 tonsuram
1104 1581 1362 1635 mancipatus
1396 1585 1455 1623 est
1479 1595 1500 1619 »
1539 1580 1646 1637 (can.
1679 1580 1774 1634 108,

148 1647 176 1705 ξ
215 1647 271 1704 1),
309 1648 379 1691 sed
425 1648 635 1692 declarato
681 1649 808 1693 verbo
856 1662 903 1693 ac
951 1663 1074 1706 supra
1129 1649 1298 1693 verbum
1351 1650 1566 1694 «laicus»
1607 1650 1661 1693 illi
1706 1665 1775 1707 op-

151 1721 342 1773 positum,
385 1718 637 1776 deponatur,
679 1732 784 1777 quae
831 1733 959 1776 poena
998 1721 1314 1764 «determinata
1359 1726 1461 1764 est»
1502 1721 1607 1778 (can.
1650 1722 1775 1773 2217,

146 1789 174 1847 ξ
210 1789 244 1843 1,
287 1788 357 1845 1⁰),
392 1802 439 1832 ac
472 1792 578 1833 sicut
613 1803 686 1846 pro
721 1790 825 1834 laico
859 1790 965 1834 «lex
1005 1794 1131 1834 utitur
1169 1791 1294 1835 vei-bo
1330 1794 1638 1848 praeceptivo»
1667 1792 1775 1849 (can.

150 1860 277 1914 2223,
310 1858 338 1917 ξ
371 1860 425 1917 3).

269 1930 311 1973 2Ο
345 1930 391 1974 Si
423 1930 513 1974 aliu
546 1935 707 1987 mimia,
737 1948 758 1973 «
781 1945 887 1990 quae
923 1935 960 1975 in
995 1933 1252 1989 spiritualem
1290 1935 1413 1977 tinem
1450 1933 1631 1990 legitime
1664 1948 1780 1977 exer-

149 2006 294 2046 centur
316 2017 337 2042 »
363 2001 470 2058 (can.
510 2002 623 2059 145),
645 2009 824 2047 attamen
860 2003 1163 2060 sacerdotalia,
1199 2010 1339 2060 utpote
1371 2004 1656 2048 sacerdotibus
1689 2007 1778 2047 iure

149 2073 292 2115 divino
317 2072 379 2116 vel
404 2075 603 2116 canonico
635 2073 830 2117 attributa
866 2075 1047 2117 fortassis
1078 2074 1154 2118 sub
1188 2078 1311 2118 certis
1343 2078 1677 2126 circumstantiis,
1706 2075 1778 2119 ali-

150 2145 241 2201 quis
276 2156 352 2186 non
377 2144 572 2188 sacerdos
595 2158 645 2188 ex
670 2145 944 2200 ordinatione,
970 2146 1226 2203 proindeque
1252 2147 1533 2203 usurpaverit,
1560 2147 1685 2190 idest:
1711 2147 1776 2189 illa

150 2217 398 2267 exercuerit,
433 2216 522 2258 sive
554 2214 746 2270 clericus,
779 2218 869 2259 sive
902 2215 1047 2270 laicus,
1080 2221 1149 2260 aut
1183 2216 1400 2272 religiosus
1443 2230 1607 2274 quoque
1643 2218 1779 2271 fuerit,

151 2284 199 2327 ab
238 2284 471 2328 Ordinario
504 2285 553 2328 ad
590 2298 775 2329 normam
812 2299 904 2331 can.
926 2287 1022 2341 198,
1045 2286 1073 2344 ξ
1109 2287 1124 2329 1
1164 2289 1225 2329 5111
1262 2289 1428 2343 proprio
1458 2301 1536 2345 pro
1566 2288 1780 2344 gravitate

152 2358 347 2413 requisita
380 2356 528 2412 eulpae
562 2356 728 2400 moralis
761 2360 884 2401 etiam
921 2361 1042 2400 unius
1075 2363 1204 2413 actus,
1236 2358 1457 2415 puniatur.
1492 2374 1511 2398 «
1539 2358 1616 2402 Lex
1654 2361 1780 2402 utitur

151 2429 415 2483 praeceptivo
453 2426 580 2470 verbo
605 2443 624 2468 »
664 2441 878 2486 poenaque
914 2433 1049 2472 manet
1089 2444 1109 2468 «
1135 2429 1452 2473 indeterminata
1477 2445 1498 2470 „
1523 2430 1631 2486 (can.
1654 2430 1778 2484 2223,

150 2498 177 2555 b,
211 2497 248 2553 3,
284 2503 323 2541 et
356 2510 445 2541 can.
484 2498 611 2553 2217,
643 2498 672 2557 ξ
709 2499 744 2551 l,
780 2498 854 2556 1⁰).

273 2568 366 2612 162.
404 2570 595 2616 Delicta
628 2574 801 2616 contra
833 2573 1161 2616 reverentiam
1195 2572 1356 2616 Divini
1379 2574 1612 2618 Nominis.
1639 2597 1687 2603 -
1714 2572 1781 2615 Ait

155 2638 198 2680 l).
232 2638 303 2682 Th.
325 2638 362 2684 ²:
404 2653 520 2696 «per
554 2640 591 2683 id
627 2640 736 2698 quod
781 2640 956 2684 dicitur:
992 2640 1083 2685 Non
1128 2655 1314 2695 assumes
1352 2656 1497 2685 nomen
1534 2642 1610 2686 Dei
1644 2642 1705 2685 tui
1737 2644 1781 2685 iu

154 2724 301 2752 minum
323 2709 565 2766 prohibetur
600 2710 870 2767 blasphemia.
895 2711 1024 2768 Magis
1048 2714 1156 2755 enim
1183 2714 1221 2755 in
1248 2724 1399 2756 vanum
1426 2716 1599 2757 assumit
1632 2726 1780 2756 nomen

272 2863 281 2883 ¹
310 2862 489 2897 Proemio
515 2863 582 2897 cit.
612 2868 737 2898 const.
768 2884 809 2888 —
836 2864 850 2885 2
876 2864 985 2906 II·II‚
1013 2875 1044 2909 q.
1066 2864 1177 2906 XIII,
1203 2876 1236 2899 a.
1266 2866 1288 2898 ‘2
1313 2865 1360 2899 ad
1386 2867 1447 2902 2¹¹¹.
