1981 3182
123 170 217 206 Can.
243 169 337 204 2338
488 168 573 203 TIT.
589 168 699 202 XHI.
715 188 726 192 -
742 167 799 202 De
811 167 962 201 delictis
975 169 1110 200 contra
1125 168 1376 200 auctoritates
1677 165 1746 198 229

126 301 295 347 poenae,
319 291 356 341 a)
389 288 590 341 alterutri,
615 299 775 342 nempe,
800 283 1055 328 celebrantes
1078 285 1129 327 ob
1161 286 1405 328 exercitium
1442 287 1652 341 potestatis
1684 299 1748 327 or-

125 360 232 403 dinis
264 358 328 401 vet
361 356 565 401 celebrari
598 370 670 414 per
712 356 814 399 alios
857 354 1030 398 clericos
1072 353 1277 411 facientes
1315 357 1439 409 iussu,
1476 357 1609 407 minis,
1642 355 1750 398 sedi-

125 433 250 485 tione,
285 428 328 486 b)
361 428 506 472 divina
539 427 684 484 supple
722 443 743 467 «
766 426 899 470 officia
920 441 941 466 >2
980 438 1029 467 ex
1063 430 1258 468 contextu
1292 430 1329 468 et
1364 428 1401 468 in
1435 426 1480 483 §⁰
1516 438 1650 482 praec.
1685 426 1752 469 (le-

125 501 293 555 clarata,
318 502 355 553 c)
379 499 421 542 in
454 498 556 542 locis
585 514 604 539 c(
628 497 680 542 ab
703 496 941 550 Ordinario,
967 495 1030 538 vel
1065 495 1254 552 delegato
1290 496 1440 550 iudice,
1461 496 1522 540 vel
1558 510 1578 540 a
1615 499 1702 542 iure
1724 512 1746 538 ›>

128 572 214 630 (cit.
234 558 383 627 const.)
410 568 674 617 interdictis:
705 568 832 611 altera
858 579 957 610 vero
982 579 1075 622 pars
1099 579 1176 608 non
1203 579 1346 622 parum
1373 567 1510 611 differt
1532 568 1583 611 ab
1606 569 1750 612 eadem

130 655 258 699 poena
294 654 365 698 per
399 640 509 684 illam
543 644 701 684 const.m
736 638 902 688 inflicta,
937 637 1045 680 unde
1084 650 1179 680 «ex
1211 650 1284 680 sua
1325 639 1452 694 ipsius
1483 639 1517 694 §¹
1550 641 1753 683 sententia

130 718 189 757 est
223 711 583 756 diiudicandum»
623 709 731 767 (can.
767 710 805 759 6,
840 707 902 765 30)
938 710 1238 764 praescriptum
1272 721 1477 765 sequens:
1512 709 1574 752 cel
1607 709 1753 753 adini!-

132 789 276 834 tentes,
311 788 354 826 ut
387 786 568 826 rectores
615 779 902 842 ecclesiarum,
936 778 1053 822 bisve
1101 778 1257 821 similes
1300 780 1481 822 fortassis
1514 781 1756 836 Superiores

131 858 173 905 a)
198 854 253 898 acl
275 852 524 897 celebranda
556 851 689 910 officia
722 850 867 893 (licina
901 863 980 893 non
1006 849 1235 907 quaelibet3
1270 850 1340 893 sed
1377 849 1417 907 b)
1439 864 1516 908 per
1537 866 1756 895 censuram

131 940 207 970 ceu
243 937 415 982 poenam
453 922 740 967 medicinalem
768 921 895 964 celita
918 934 990 977 pro
1015 921 1200 964 eiusdem
1226 921 1482 977 diversitate,
1502 924 1757 981 proindeque

132 1001 169 1049 c)
201 995 389 1047 clericos,
422 997 517 1051 quia
550 994 600 1037 de
634 993 787 1036 divinis
830 992 975 1035 officiis
1018 994 1168 1048 agitur,
1201 992 1270 1035 sed
1316 992 1566 1037 disiunctive
1600 1009 1758 1038 eoecoin-

134 1065 367 1109 manicatos
399 1062 742 1120 transgrediendo
785 1062 964 1119 aliquem
1006 1075 1055 1105 ex
1090 1075 1180 1105 can.
1216 1062 1481 1119 aazia-2261,
1514 1064 1760 1109 interdictos

135 1136 418 1194 personaliter.
447 1134 507 1178 vel
543 1133 594 1177 ab
628 1136 814 1190 ingressu
849 1133 1063 1184 ecclesiae,
1088 1146 1134 1177 ac
1161 1138 1376 1190 propterea
1410 1148 1504 1178 cum
1539 1141 1761 1193 transgres-

133 1210 247 1251 sione
280 1218 371 1251 can.
406 1205 534 1258 2275,
569 1204 695 1257 2277,
729 1218 951 1261 suspensos
985 1204 1234 1260 generaliter
1271 1205 1332 1247 vel
1373 1205 1468 1249 «ab
1501 1207 1635 1250 officio
1667 1211 1762 1251 sim-

136 1279 297 1336 pliciter
320 1294 339 1318 »
370 1276 434 1320 vel
464 1292 485 1317 «
510 1275 553 1319 20
577 1288 597 1319 a
623 1275 777 1318 divinis
800 1291 819 1315 »
849 1280 887 1318 et
911 1274 962 1317 ab
985 1274 1076 1318 aliis
1100 1280 1236 1331 postea
1263 1279 1516 1320 enumeratis
1537 1277 1614 1321 sub
1635 1278 1681 1336 §⁰
1702 1280 1761 1330 Qa,

136 1355 239 1393 cani
267 1348 393 1401 2279,
413 1346 458 1399 d)
478 1351 574 1404 post
606 1345 857 1389 sententiam
892 1350 1028 1388 tamen
1063 1344 1391 1388 declarator-iam
1429 1347 1489 1389 cet
1521 1348 1763 1392 condemna·

139 1420 292 1464 loriam
324 1419 403 1462 illis
436 1420 473 1460 in
510 1417 609 1461 locis
641 1416 906 1473 explic-atam,
940 1421 977 1459 et
1011 1428 1118 1473 quae
1165 1416 1334 1473 ampliat
1383 1418 1680 1473 prohibitiones
1713 1435 1760 1464 ex

138 1503 311 1535 censura
348 1491 650 1546 provenientes.
688 1487 912 1544 Hucusque
946 1486 1142 1530 declarati
1178 1492 1343 1530 manent
1377 1488 1677 1546 delinquentes.
1706 1492 1764 1534 Ac

141 1562 243 1606 bene
291 1560 517 1604 notandum
568 1564 641 1607 est,
674 1558 783 1616 quod
836 1557 1007 1601 terbum
1047 1560 1312 1601 «scienter»
1352 1561 1465 1602 initio
1503 1561 1538 1615 §³
1574 1564 1763 1617 positum,

139 1631 491 1690 quemadmodum
531 1630 834 1674 «celebrantes
884 1628 946 1672 vel
995 1628 1196 1672 celebrari
1245 1630 1484 1673 facientes»
1528 1632 1665 1687 afficit,
1709 1636 1767 1676 sic

138 1717 304 1762 quoque
338 1702 389 1745 ob
422 1706 660 1745 contextum
695 1700 969 1744 subaudiatur
1001 1705 1161 1753 oportet
1193 1701 1327 1757 quoad
1368 1701 1738 1749 «admittentes».

257 1772 416 1830 Singuli
460 1785 559 1815 vero
594 1774 631 1814 in
667 1771 710 1825 §0
745 1773 934 1815 recensiti
969 1783 1049 1828 qua
1084 1770 1373 1828 delinquentes
1411 1772 1681 1817 interdictam
1720 1774 1768 1817 ab

142 1846 334 1903 1'nqressa
367 1843 567 1886 ecclesiae
600 1842 708 1900 (can.
746 1842 876 1896 2277)
913 1842 1003 1899 ipso
1036 1842 1142 1898 iare,
1172 1843 1279 1899 quod
1317 1843 1423 1885 idem
1460 1849 1519 1887 est
1552 1858 1599 1888 ac
1637 1848 1768 1902 «ipso

141 1918 246 1960 facto
279 1916 488 1959 commissi
523 1914 706 1958 delicti»
746 1913 855 1969 (can.
892 1913 1019 1967 2217,
1042 1916 1067 1966 ξ
1094 1914 1129 1967 l,
1163 1926 1200 1955 n.
1237 1914 1280 1955 2⁰
1314 1919 1351 1956 et
1376 1917 1399 1967 ξ
1424 1914 1466 1971 2³2)
1502 1915 1770 1966 contrahant,

143 1991 195 2031 ita
231 1993 273 2030 ut
305 1989 440 2030 statim
477 1985 576 2028 illud
611 1997 781 2028 servare
815 1984 992 2028 debeant
1026 1983 1169 2037 donec,
1200 1983 1379 2027 arbitrio
1413 1985 1502 2028 eins
1535 1987 1654 2029 cuias
1684 2002 1772 2030 sen-

145 2057 319 2101 tentiam
349 2069 473 2113 supra
516 2056 669 2099 dictam
712 2056 855 2099 saltem
896 2071 917 2095 «
940 2055 1256 2098 declaratoriam
1282 2071 1303 2095 »
1342 2061 1689 2115 contempserant,
1724 2072 1771 2102 ac

145 2128 317 2186 proinde
340 2126 497 2185 absque
520 2129 750 2184 ignorantia
777 2127 1012 2182 praedictae
1034 2128 1262 2169 sententiae
1287 2128 1339 2169 ita
1364 2126 1642 2184 deliquerunt,
1661 2130 1769 2187 quod

144 2203 174 2245 si
211 2200 277 2243 illa
312 2201 435 2242 suerit
466 2198 652 2242 affectata
698 2212 776 2240 non
821 2201 1073 2241 excusantur
1106 2196 1157 2240 ob
1189 2200 1242 2251 {³3³¹
1278 2198 1343 2252 1¹¹¹,
1378 2204 1485 2241 cau*S
1519 2199 1643 2242 2229.
1679 2214 1771 2243 con-

142 2276 345 2329 yraentei·
363 2270 515 2313 iudicio
540 2270 649 2312 illius
670 2268 970 2326 satisfecerint.
996 2267 1109 2311 Tunc
1133 2270 1242 2311 enim
1261 2268 1420 2311 absolvi
1447 2274 1637 2325 poterunt
1661 2272 1773 2314 iuxta

146 2329 345 2387 censurae
390 2345 578 2402 naturam
626 2342 664 2383 in
709 2353 799 2384 can.
835 2340 960 2385 2248,
996 2342 1020 2393 ἓ
1056 2339 1071 2381 1
1121 2339 1374 2395 explicitam,
1417 2346 1621 2396 postrema
1663 2344 1771 2384 enim

146 2412 330 2457 clausula
365 2416 423 2455 est
460 2410 582 2454 valde
605 2410 770 2454 diversa
795 2410 846 2454 ab
869 2411 995 2454 altera
1026 2426 1047 2451 «
1070 2409 1120 2452 ad
1155 2409 1460 2466 beneplacitum
1480 2412 1713 2467 Superioris
1736 2427 1776 2467 )>,

147 2495 253 2540 quae
273 2484 483 2526 constituit
509 2494 682 2537 poenam
712 2482 1008 2525 vindicativam
1035 2480 1339 2524 «interdictum
1364 2481 1415 2525 ab
1441 2484 1625 2538 ingressu
1650 2482 1778 2526 eccle-

147 2545 269 2597 siae»
298 2555 356 2596 sic
389 2557 586 2596 statutum
625 2552 733 2608 (can.
770 2553 895 2607 9291,
934 2552 1009 2609 2⁰).

266 2625 415 2668 Statuit
448 2628 728 2680 congruenter
760 2625 837 2666 iuri
874 2623 1152 2679 praecedenti,
1186 2623 1256 2666 sed
1290 2621 1430 2667 Codici
1476 2629 1621 2680 aptans
1659 2637 1778 2680 prae-

148 2697 347 2751 scriptum
382 2694 410 2752 ξ
442 2697 483 2736 4.
522 2693 605 2747 Qui
643 2707 812 2736 causam
848 2693 1067 2750 dederant,
1100 2693 1259 2737 scilicet
1302 2707 1375 2750 per
1417 2694 1628 2748 delictum,
1662 2697 1780 2738 cuius

152 2768 207 2809 rei
245 2767 408 2809 fuerunt
441 2765 490 2808 ad
528 2777 713 2807 normam
739 2777 827 2807 cau.
850 2765 976 2819 2209,
1001 2767 1053 2819 ἐξ
1078 2764 1162 2816 1-3,
1187 2763 1228 2823 a)
1251 2764 1494 2808 interdictio
1528 2765 1668 2821 locati,
1691 2768 1780 2809 sive

157 2852 176 2877 (c
201 2838 322 2880 t'uerit
347 2835 541 2892 generale
564 2851 585 2876 ))
609 2835 717 2892 (can.
740 2835 885 2892 2271),
904 2837 993 2878 sive
1016 2835 1175 2879 «locali
1201 2835 1481 2892 particulari»
1505 2836 1612 2893 (can.
1634 2835 1782 2892 2272),

154 2912 227 2950 aut
252 2907 295 2964 b)
319 2905 544 2950 interdicto
578 2906 621 2949 in
654 2906 992 2949 communitatem
1025 2920 1097 2948 sea
1130 2906 1366 2963 collegium,
1395 2923 1416 2948 «
1440 2910 1495 2950 uti
1531 2906 1653 2951 talem
1680 2922 1700 2947 ))
1729 2906 1780 2949 ad
