1981 3182
0 135 18 175 ἕ.
121 137 213 174 Gan.
241 136 335 172 2268
526 136 610 170 Trr.
640 136 748 170 VIII.

776 155 788 161 -
816 135 873 170 De
892 138 1031 179 poenis
1057 136 1355 169 medicinalibus
1680 134 1746 167 143

122 255 250 300 legium
270 254 391 300 nequit
410 255 462 289 ius
481 254 590 289 ullum
610 253 791 300 spirituale
809 264 900 289 exer-

122 313 198 339 cere
223 302 313 348 quod
341 301 370 337 ei
398 306 584 347 competat.

169 353 188 392 ξ
215 347 248 383 4.
276 348 309 383 Si
330 349 484 389 tertium,
503 348 644 384 effeetus
662 348 898 383 cumulantur.

169 395 253 432 em.
276 395 379 430 2275.
403 416 420 421 -
443 395 672 431 l'ersonaliter
698 394 896 429 interdicti:

196 443 230 478 l⁰
254 442 437 489 Nequeunt.
454 443 576 478 divina
593 442 708 477 officia
725 441 900 477 celebrare

120 490 224 530 eisve‚
250 495 390 536 excepta
418 490 674 536 praedicatione
702 489 794 525 verbi
824 488 895 524 Dei.

120 537 301 573 assistere:
338 538 472 583 passive
505 537 711 572 assistentes
743 547 813 571 non
849 540 900 571 est

122 595 261 620 necesse
300 590 335 619 ut
373 584 609 630 expellantur3
644 584 702 619 sed
737 583 783 618 ab
813 583 899 618 assi-

123 631 249 667 stentia
268 632 393 674 activa,
413 643 501 677 quae
519 632 673 677 aliquam
693 630 900 666 secumferat

125 679 425 725 participationem
454 679 492 713 in
519 678 648 713 divinis
674 677 798 713 officiis
817 677 901 712 cele-

124 726 279 769 orandis,
289 725 686 772 repellanturinterdicti
704 729 778 770 post
793 724 896 759 latam

123 774 333 809 sententiam
347 772 669 808 condemnatoriam
685 772 735 806 vel
751 772 901 806 declara-

123 821 256 860 toriam‚
275 825 335 855 aut
359 820 514 866 alioquin
542 820 674 854 notorie
700 819 897 855 interdicti:

194 867 232 902 20
262 867 491 902 prohibentur
517 865 742 902 Sacramenta
777 871 809 901 et
840 866 900 901 Sa·

123 915 348 949 eramentalia
366 914 576 950 ministrare.
590 913 758 949 conticere
772 919 803 948 et
820 914 900 948 reci-

124 972 212 1008 pere,
227 962 268 996 ad
292 972 449 996 normam
468 972 546 997 can.
568 960 669 999 2260,
691 965 709 1003 ξ
733 961 761 1001 l,
784 960 869 995 ’2261
891 973 897 998 ;

193 1008 231 1043 30
261 1008 473 1054 Praescripto
498 1019 573 1043 can.
591 1007 681 1042 2265
701 1010 805 1043 etiam
834 1009 897 1054 ipsi

123 1055 410 1100 adstringuntur3

1042 250 1080 286 40
1109 252 1234 288 Carent
1261 253 1437 298 sepultura
1454 252 1685 288 ecclesiastica
1703 252 1746 287 ad

973 310 1133 334 normam
1161 311 1238 334 can.
1270 298 1370 341 1240,
1398 304 1417 341 ἓ
1448 300 1475 339 l,
1504 312 1536 333 n,
1568 299 1601 333 ’2.

1018 346 1103 382 Cis.
1134 346 1237 381 2276.
1267 367 1288 372 —
1320 347 1385 390 Qui
1427 347 1609 382 interdicto
1648 346 1744 381 locali

973 394 1023 428 vel
1044 394 1227 429 interdicto
1246 394 1281 427 in
1300 395 1586 429 communitatem
1607 404 1665 428 seu
1684 393 1746 428 col-

972 441 1101 485 legium
1129 441 1257 480 subest,
1284 441 1368 486 quin
1395 441 1506 476 eidem
1534 452 1672 475 eausam
1694 441 1748 476 de-

972 488 1072 530 derit,
1115 499 1176 523 nec
1214 488 1282 523 alia
1320 499 1467 523 censura
1511 488 1745 533 prohibeatur,

974 540 1094 581 potest,
1109 536 1135 569 si
1156 535 1199 569 sit
1218 535 1282 569 rite
1307 534 1747 581 disposituS.4Sacramenta

971 585 1134 628 recipere.
1157 582 1199 617 ad
1227 593 1386 617 normam
1413 593 1587 617 canonum
1618 593 1748 627 praece-

971 630 1143 669 dentium,
1166 630 1243 664 sine
1268 629 1485 665 absolutione
1503 629 1546 663 ab
1566 630 1748 664 interdicto

969 677 1081 712 aliave
1107 676 1357 711 satisfactione.

1019 724 1103 760 CAN.
1126 723 1230 758 2277.
1251 745 1266 748 -
1284 723 1508 759 luterdictum
1527 723 1572 758 ab
1592 723 1748 767 ingressu

971 771 1135 806 ecclesiae
1173 771 1358 806 secumfert
1398 770 1667 816 prohibitionem
1706 781 1749 805 ne

972 819 1052 864 quis
1079 820 1113 852 in
1140 818 1284 853 ecclesia
1310 818 1430 853 divina
1455 818 1569 853 officia
1603 817 1750 852 celebret

973 866 1023 901 vel
1051 866 1179 901 eisdem
1215 865 1354 900 assistat
1388 870 1446 900 aut
1480 864 1748 900 ecclesiasticam

973 913 1186 959 sepulturam
1216 912 1361 951 habeat;
1398 912 1424 946 si
1453 917 1568 947 autem
1596 912 1747 950 assistat,

974 972 1042 996 non
1079 965 1127 995 est
1164 970 1302 995 necesse
1331 965 1367 994 ut
1394 959 1594 1005 expellatur,
1623 970 1694 998 nec,
1721 959 1748 992 si

973 1007 1172 1053 sepeliatur,
1217 1011 1349 1053 oportet
1393 1012 1427 1041 ut
1470 1009 1616 1042 cadaver
1656 1017 1749 1041 amo-

973 1060 1104 1090 vcatur.

241 1177 308 1218 935.
345 1178 601 1233 inscriptio
634 1178 825 1222 articuli
860 1180 908 1221 et
941 1178 1064 1221 ordo
1099 1189 1354 1221 canonum.
1378 1200 1430 1204 —
1467 1173 1621 1216 Deinde
1655 1186 1749 1216 con-

123 1247 371 1290 siderandus
414 1252 473 1290 est
507 1248 595 1289 Art.
635 1245 679 1289 ΙΙ
712 1248 830 1289 cuius
875 1248 1086 1302 inscriptio
1134 1244 1191 1288 De
1235 1244 1457 1287 interdicto
1502 1246 1632 1287 innuit
1675 1244 1750 1286 lioc

101 1317 297 1361 *verbum
343 1320 448 1361 sumi
484 1331 562 1360 non
597 1317 826 1360 secundum
871 1319 958 1360 eius
1005 1316 1218 1372 vulgarem
1253 1316 1611 1371 significationem,
1646 1327 1751 1371 quae

126 1387 443 1444 prohibitionem
477 1393 607 1439 sonat,
642 1388 712 1430 sed
747 1390 914 1444 proprio
947 1400 1070 1430 sensu
1105 1386 1293 1430 iuridico.
1326 1385 1426 1428 Nam
1465 1398 1608 1427 revera
1651 1385 1748 1427 illud

126 1461 181 1501 uti
217 1472 364 1501 nomen
399 1471 446 1501 ac
482 1460 518 1500 in
556 1461 724 1501 materia
763 1442 921 1514 poenali
956 1457 1166 1501 Ecclesiae
1199 1457 1364 1500 denotat
1401 1469 1521 1498 tinam
1548 1469 1594 1498 ex
1623 1455 1752 1498 tribus

125 1531 268 1585 poenis
300 1527 631 1581 medicinalibus,
666 1541 771 1585 quae
807 1529 1050 1584 intliguntur
1083 1526 1430 1584 delinquentibus.

243 1599 453 1643 Interdicti
475 1601 681 1642 notionem
702 1612 749 1642 ac
771 1601 1035 1655 praecipuam
1057 1599 1361 1641 distinctionem
1384 1598 1507 1641 tradit
1524 1596 1751 1641 can.'2268.

123 1675 335 1714 auctorem
370 1683 417 1714 ac
450 1670 683 1714 subiectum
719 1670 842 1713 edicit
867 1682 955 1713 can.
978 1670 1105 1722 9969,
1129 1670 1227 1712 dum
1263 1674 1345 1712 tres
1377 1673 1597 1726 sequentes
1620 1668 1751 1710 2270-

125 1741 237 1785 2272
272 1742 458 1785 referunt
493 1742 665 1785 effectus
698 1741 852 1784 diversi
889 1740 1030 1784 localis
1065 1740 1285 1790 interdicti,
1320 1740 1482 1783 adnexo
1516 1752 1605 1784 can.
1639 1738 1751 1780 2273

122 1814 233 1856 circa
267 1812 504 1856 huiusmodi
532 1812 738 1855 interdicti
765 1814 1160 1868 interpretationem.
1198 1810 1464 1854 lnterdictum
1498 1815 1634 1853 auten]
1662 1823 1751 1865 per-

123 1882 263 1926 sonale
299 1896 372 1939 per
406 1883 510 1926 duos
543 1895 632 1926 can.
660 1882 787 1938 2274,
814 1883 926 1925 2275
961 1888 1018 1926 est
1055 1882 1330 1932 moderatum,
1353 1883 1545 1938 quamvis
1577 1893 1753 1936 sequens

125 1966 213 1998 can.
240 1953 352 1997 ‘2027ss
376 1953 702 2010 comprehendat
735 1953 901 2010 aliquod
939 1953 1154 2010 personale
1188 1952 1450 1995 interdictum
1486 1950 1605 1993 simul
1631 1963 1677 1993 ac
1702 1950 1753 1992 lo-

126 2023 226 2074 cale,
261 2024 331 2068 sed
376 2024 425 2068 ad
474 2023 564 2079 hoc,
601 2029 643 2067 ut
675 2036 869 2067 concessa
912 2026 1182 2066 innotescant.
1216 2022 1392 2066 Ultimus
1425 2035 1514 2065 can.
1550 2021 1660 2063 2277
1696 2024 1754 2063 est

127 2095 366 2139 exclusivus
399 2095 450 2138 de
483 2094 702 2138 interdicto
736 2094 787 2138 ab
823 2097 1008 2151 ingressu
1044 2094 1258 2137 ecclesiae.

246 2167 314 2210 96.
350 2168 597 2212 Interdicti
631 2169 766 2212 notio
796 2171 844 2212 et
867 2168 1136 2223 praecipua
1167 2166 1430 2211 distinctio.
1452 2189 1505 2193 —
1530 2166 1554 2212 ἓ
1578 2166 1613 2206 1.
1640 2163 1754 2206 lnxta

128 2236 265 2281 lnnoc.
290 2236 338 2279 lll
366 2239 404 2279 in
429 2249 518 2293 cap.
546 2236 599 2279 ⁶20
624 2239 646 2277 ἑ(
669 2237 719 2280 de
754 2238 978 2280 vei-borum
1013 2236 1316 2292 significatione
1339 2250 1360 2274 ))
1385 2233 1449 2291 (V,
1475 2233 1548 2289 40)
1572 2233 1607 2276 X
1629 2246 1753 2288 supra

130 2307 281 2350 relato:
316 2306 596 2350 Interdictum
630 2312 691 2349 est
724 2321 916 2358 censura,
941 2319 1110 2362 nempe:
1150 2317 1324 2361 «poena
1358 2317 1437 2361 qua
1472 2304 1595 2346 homo
1630 2303 1755 2359 bapti-

127 2382 238 2421 z-atus
271 2377 517 2435 delinquens
550 2382 587 2420 el
622 2382 892 2421 contumax»
930 2377 1039 2434 (can.
1075 2376 1201 2429 2241,
1231 2376 1258 2433 ξ
1293 2375 1350 2432 l),
1375 2376 1411 2418 id
1448 2379 1520 2422 est,
1546 2381 1588 2417 ut
1621 2376 1658 2416 in
1693 2386 1756 2417 ca-

128 2460 253 2491 none:
288 2462 370 2505 qua
403 2448 562 2504 fideles,
580 2448 621 2490 in
647 2448 934 2491 communione
951 2447 1168 2491 Ecclesiae
1187 2451 1494 2504 permanentesy
1521 2457 1627 2503 quae
1650 2444 1757 2488 clau-

127 2517 214 2561 sula
248 2521 424 2561 secernit
459 2532 529 2562 eos
552 2518 603 2562 ab
626 2521 1011 2562 excommunicatis.
1031 2517 1294 2561 solummodo
1315 2515 1592 2574 prohibentur
1608 2515 1754 2560 saeris,

132 2588 349 2632 videlicet:
385 2603 461 2632 usu
498 2602 713 2633 sacrorum
747 2592 912 2646 passivo
946 2589 1012 2633 vel
1047 2591 1199 2639 activo,
1218 2602 1325 2646 quae
1346 2588 1387 2630 in
1411 2586 1652 2637 canonibus,
1684 2585 1755 2643 qm?

128 2665 362 2717 sequuntur
384 2659 460 2703 sub
483 2660 560 2704 hoc
587 2660 762 2704 articulo
794 2666 918 2718 atque
950 2660 1027 2704 sub
1061 2659 1377 2703 interdictorum
1401 2659 1642 2702 diversitate
1664 2671 1758 2699 emc-

130 2735 360 2775 merantur.

246 2800 346 2845 Cum
382 2813 595 2844 sacrorum
633 2815 731 2844 usus
765 2802 834 2844 tiat
857 2815 877 2845 a
904 2801 1090 2858 personis
1122 2806 1246 2859 atque
1279 2806 1322 2844 ut
1356 2800 1579 2857 plurimum
1609 2798 1756 2841 debeat

131 2872 219 2915 lieri
253 2874 290 2914 in
330 2871 430 2915 locis
462 2874 604 2926 sacris,
643 2871 706 2915 vel
741 2871 885 2915 saltem
921 2872 1059 2930 aliquo
1093 2874 1131 2915 in
1168 2872 1270 2926 loco,
1303 2873 1495 2928 quamvis
1538 2868 1759 2927 prohibitio
