1981 3182
243 130 314 164 218
624 131 707 164 Liss.
727 130 771 164 V.
790 150 802 156 -
821 130 929 165 PARS
948 131 1019 166 111.
1038 151 1050 156 -
1068 130 1125 166 De
1137 134 1274 175 poenis
1293 134 1335 165 in
1353 132 1492 167 delicta
1657 132 1751 168 Can.
1779 133 1874 169 2329
1959 0 1981 206 '

366 250 462 293 168.
498 253 749 296 Adversus
780 252 906 296 alios
939 253 1155 296 locorum
1189 265 1442 296 sacrorum
1476 254 1744 299 violatores
1774 266 1871 296 con-

244 323 342 364 tinet
388 321 523 377 legum
567 323 821 363 sanctionem
857 335 947 365 can.
980 323 1118 365 2329.
1157 321 1290 363 l'riino
1319 321 1518 364 ecelesiae
1551 321 1783 367 intellectae
1819 324 1869 367 ad

242 405 429 435 normam
465 404 555 435 can.
577 392 702 443 1161,
739 391 801 434 vel
832 382 1015 435 secundo
1049 392 1286 435 coemeterii
1315 408 1334 433 «
1358 393 1482 450 quod,
1507 393 1734 437 secundum
1771 397 1871 438 ritus

242 465 278 505 in
317 462 499 519 probatis
544 463 747 519 liturgicis
790 461 906 506 libris
948 463 1132 517 traditos,
1166 465 1216 505 sit
1258 462 1565 506 benedictum»
1603 467 1706 518 (can.
1746 465 1869 519 1205,

238 534 266 591 ᾗ
306 534 353 587 Η,
387 536 538 577 etenim
579 552 599 574 u
624 533 747 590 leges,
782 546 888 588 quae
923 546 1094 590 poenam
1130 538 1371 578 statuunt...
1405 536 1572 577 strictae
1604 534 1776 578 subsunt
1811 538 1884 578 in-.

240 607 524 661 terpretationi
549 620 570 645 »
593 604 702 661 (can.
731 604 817 661 19),
854 604 1093 658 violatores,
1130 604 1323 648 videlicet
1352 618 1424 661 per
1456 604 1640 661 singulos
1671 611 1787 649 actus
1819 606 1869 649 de

237 675 385 733 quilius
420 676 460 718 iii
495 690 585 718 can.
612 678 726 719 1179
758 681 870 719 extat
903 678 1175 730 enumeratio,
1210 680 1249 718 et
1281 675 1446 733 quando
1481 676 1624 719 ilsdem
1650 676 1866 721 «ecclesia

241 746 480 798 violatur»,
520 751 643 804 atque
688 749 725 789 in
771 759 860 790 can.
902 749 1017 789 1207
1064 747 1172 790 idem
1225 748 1524 802 praescriptum
1564 750 1868 791 «coemeteriis

236 818 513 874 applicatur»
562 818 606 874 a)
640 817 865 860 interdicto
912 820 1096 861 taxalive
1138 817 1187 860 ab
1231 818 1423 874 inpressu
1466 817 1677 874 ecelesiae,
1716 818 1867 876 quibus

240 888 378 932 verbis
411 889 683 932 confirmatur
708 891 1003 945 interpretatio.
1029 902 1150 945 quam
1178 892 1215 931 in
1240 901 1330 932 can.
1353 901 1487 944 praec.
1512 888 1703 932 dedimus
1729 889 1867 933 verbis

240 975 262 999 «
288 959 506 1002 interdicto
542 958 810 1015 personali»,
846 959 888 1015 b)
922 958 1104 1016 aliisque
1136 959 1333 1015 τόρνῳ-πίε
1363 958 1510 1016 poenis
1551 958 1865 1002 medicinalibus

235 1034 305 1073 aut
342 1030 606 1073 vindicanvis
640 1029 689 1072 ab
727 1029 960 1073 Ordi'nario
993 1030 1220 1073 secundum
1257 1032 1309 1083 ξω
1350 1030 1397 1071 11¹¹
1421 1036 1523 1072 cain.
1550 1029 1630 1072 198
1661 1042 1739 1087 pro
1769 1043 1866 1087 qra-

234 1101 363 1143 ri'tate
394 1100 554 1154 delicti,
572 1114 678 1158 quae
702 1114 745 1144 se
770 1101 892 1144 refert
915 1101 964 1144 ad
991 1100 1164 1143 aliarum
1203 1113 1426 1157 poenarum
1464 1093 1746 1155 inflictionem,
1769 1103 1862 1158 quia

232 1178 324 1214 sunt
360 1172 719 1226 iinleterminatae7
750 1172 960 1229 peliuntur
993 1171 1042 1215 ad
1078 1184 1265 1214 normam
1300 1171 1337 1224 ξι
1372 1171 1408 1213 3i
1443 1177 1549 1215 can.s
1584 1171 1710 1216 2223.

863 1354 1095 1392 TITULUS
1127 1354 1237 1392 XIII.

507 1442 572 1484 De
605 1442 788 1485 delicus
818 1446 986 1486 contra
1017 1444 1336 1497 auctorItates,
1370 1456 1588 1498 personas

781 1514 826 1555 et
860 1526 934 1556 res
965 1514 1310 1559 ecclesiasticas,

274 1653 358 1689 Cn.
390 1652 493 1688 2330.
525 1674 541 1678 -
571 1652 670 1696 Quod
706 1654 830 1688 attinet
855 1654 897 1688 ad
928 1665 1002 1699 poe-

226 1714 289 1737 nas
315 1706 462 1736 statutas
484 1701 520 1735 in
539 1701 665 1736 delicta
683 1712 771 1746 quae
792 1701 825 1734 in
845 1701 1004 1745 eligendo

225 1748 369 1785 Summo
409 1748 574 1784 Pontifice
622 1748 790 1783 committi
845 1753 1001 1793 possunt,

224 1797 325 1832 unice
340 1796 503 1830 standum
519 1800 629 1830 const.
649 1795 696 1830 Pii
715 1795 740 1830 X
768 1794 907 1830 Vacante
925 1794 1003 1831 Sede

224 1844 426 1891 Apostolica,
456 1842 498 1877 25
528 1843 605 1878 Dec.
640 1841 738 1877 1904.

272 1891 355 1926 CAN.
386 1890 486 1925 2331.
519 1911 534 1915 -
564 1895 582 1932 ξ
608 1891 635 1924 l.
657 1889 723 1934 Qui
745 1889 899 1925 Romano
920 1890 1002 1925 Pon-

223 1939 303 1974 tifici
334 1939 384 1974 vel
414 1938 550 1984 proprio
578 1936 766 1973 Ordinario
795 1938 927 1983 aliquid
956 1937 1000 1973 le-

221 1986 341 2030 gitime
370 1985 594 2032 praecipienti
623 1985 673 2020 rel
697 1985 898 2031 ,prohibenti
929 1995 1000 2030 per-

221 2034 382 2069 tinaciter
424 2044 494 2067 non
538 2033 793 2078 obtemperant,
838 2032 1001 2077 congruis

223 2081 355 2126 poenis,
384 2080 539 2115 censuris
568 2091 636 2115 non
664 2080 820 2119 exclusis,
843 2091 902 2125 pro
926 2090 1001 2124 gra-

222 2129 325 2163 vitate
351 2128 473 2174 culpae
502 2128 704 2173 puniantur.

268 2180 287 2217 ξ
314 2176 344 2210 ’2.
373 2175 624 2220 Conspirantes
651 2185 728 2209 vero
746 2179 863 2209 contra
883 2178 1000 2209 aucto—

219 2223 356 2258 ritatem
380 2223 522 2257 Romani
545 2222 721 2257 Pontificis
747 2222 864 2257 eiusve
883 2221 996 2266 Legati

221 2270 271 2305 vel
300 2271 427 2315 proprii
449 2268 628 2305 Ordinarii
655 2274 715 2304 aut
733 2274 853 2304 contra
878 2280 995 2304 eorum

220 2317 375 2361 legitima
402 2317 579 2352 mandata.
602 2317 753 2361 itemque
772 2316 928 2351 subditos
954 2317 996 2351 ad

219 2364 492 2400 inobelientiam
520 2375 601 2409 erga
631 2365 723 2409 ipsos
758 2368 994 2409 provocantes,

216 2413 374 2447 censuris
393 2412 540 2457 aliisque
561 2412 679 2457 poenis
699 2415 944 2455 coerceantur3
964 2416 997 2446 et

217 2459 458 2504 dignitatibus,
490 2459 668 2494 beneficiis
694 2458 816 2493 aliisve
843 2459 995 2493 muneri-

218 2508 293 2547 bus,
310 2507 337 2540 si
354 2507 424 2540 sint
439 2506 573 2548 cle1·ici;
590 2517 669 2541 voce
686 2506 798 2540 activa
812 2510 845 2540 et
860 2505 995 2551 passiva

214 2558 318 2599 atque
344 2554 467 2595 officio,
496 2554 524 2587 si
553 2554 715 2598 religiosi,
744 2553 936 2599 priventur.

263 2601 343 2636 uix.
373 2600 477 2635 2332).
510 2621 525 2625 —
555 2599 689 2636 Omnes
714 2605 747 2635 et
773 2600 901 2645 singuli
937 2611 994 2635 cu·

216 2647 411 2693 iuscunque
445 2652 567 2687 status,
585 2648 713 2692 gradus
739 2658 799 2682 scu
826 2647 993 2682 conditio-

214 2694 269 2728 nis
295 2695 399 2730 etiam
427 2695 783 2740 regalis,episcopalis
810 2695 859 2729 vel
887 2694 993 2729 cardi-

214 2742 356 2777 nalitiae
401 2742 541 2782 fuerint,
582 2754 602 2777 a
645 2743 791 2785 legibus,
831 2742 990 2783 decretis,

214 2790 390 2824 mandatis
418 2789 561 2824 Romani
598 2789 773 2824 pontilicis
813 2800 873 2834 pro
910 2794 993 2824 tem-

214 2847 294 2881 pore
331 2837 528 2872 exsistentis
566 2837 607 2871 ad
647 2836 847 2871 Universale
874 2835 992 2871 Conci-

213 2884 298 2919 lium
317 2884 542 2929 appellantes,
564 2888 646 2919 sunt
672 2884 820 2929 suspecti
848 2884 890 2918 de
918 2884 992 2919 hae-

1079 1654 1142 1688 resi
1162 1658 1195 1688 et
1214 1654 1287 1699 ipso
1307 1654 1395 1689 facto
1421 1654 1633 1689 contrahunt
1659 1665 1857 1690 excommu-

1080 1701 1288 1736 nicationem
1332 1700 1410 1736 Sedi
1454 1701 1670 1746 Apostolicac
1716 1702 1856 1747 speciali

1079 1750 1179 1783 modo
1207 1753 1441 1794 reservatam3
1477 1748 1727 1784 Universitates
1765 1760 1855 1790 vero,

1078 1794 1240 1839 collegia,
1260 1795 1421 1841 Capitula
1446 1796 1576 1831 aliaeve
1606 1807 1770 1842 personae
1790 1807 1859 1831 mo-

1076 1843 1177 1883 rates,
1195 1854 1404 1889 quocunque
1432 1844 1572 1878 nomine
1591 1848 1853 1889 nuncupentur,

1077 1891 1301 1925 interdictum
1329 1891 1467 1936 speciali
1499 1890 1597 1926 modo
1616 1889 1694 1925 Sedi
1716 1892 1856 1936 Aposto-

1076 1937 1161 1972 licae
1190 1938 1316 1983 pariter
1342 1943 1555 1973 reservatum
1583 1939 1779 1973 incurrunt.

1123 1984 1206 2020 CAN.
1237 1984 1339 2019 2:333.
1361 2005 1376 2011 -
1407 1984 1633 2020 Recurrentes
1659 1986 1701 2020 ad
1730 1985 1852 2020 laicam

1076 2036 1277 2077 potestatem
1304 2033 1346 2067 ad
1375 2032 1615 2078 impediendas
1645 2032 1777 2067 litteras
1803 2033 1853 2067 vel

1073 2084 1150 2114 acta
1175 2080 1349 2125 quaelibet
1375 2091 1394 2115 a
1421 2080 1508 2115 Sede
1524 2080 1720 2126 Apostolica
1739 2079 1790 2115 vel
1809 2079 1853 2115 ab

1072 2127 1226 2161 eiusdem
1244 2127 1377 2172 Legatis
1398 2128 1557 2172 protecta,
1573 2138 1762 2173 eorumque
1782 2138 1853 2173 pro-

1073 2174 1322 2218 mulgationem
1359 2176 1409 2209 vel
1444 2174 1697 2210 exsecutionem
1725 2174 1853 2209 directe

1073 2221 1123 2257 vel
1163 2222 1330 2257 indirecte
1370 2222 1603 2268 prohibentes
1635 2227 1695 2257 aut
1732 2232 1850 2257 eorum

1071 2280 1176 2304 causa
1202 2269 1272 2304 sive
1298 2280 1355 2304 cos
1381 2270 1423 2304 ad
1451 2280 1537 2314 quos
1565 2269 1739 2314 pertinent
1767 2269 1853 2304 litte-

1072 2328 1129 2351 rae
1156 2316 1206 2351 vel
1245 2321 1322 2351 acta
1359 2317 1430 2351 sive
1467 2316 1553 2351 alios
1593 2316 1767 2351 laedentes
1799 2316 1849 2350 vel

1073 2364 1404 2409 perterrefacientes,
1434 2364 1507 2408 ipso
1536 2363 1624 2398 facto
1649 2363 1851 2398 subiaceant

1069 2411 1423 2446 excommunicationi
1444 2410 1523 2446 Seni
1544 2410 1761 2456 Apostolicae
1779 2421 1851 2456 spe-

1069 2458 1147 2493 ciali
1177 2459 1280 2493 modo
1308 2463 1512 2494 reservatae.

1116 2505 1199 2542 CAN.
1227 2503 1330 2540 2:334.
1359 2527 1375 2531 -
1405 2505 1771 2541 Excommunicatione
1802 2504 1848 2539 la-

1068 2557 1122 2588 tae
1148 2552 1343 2588 sententiae
1368 2552 1508 2598 speciali
1537 2552 1638 2587 modo
1664 2551 1742 2587 Sedi
1764 2552 1849 2597 Apo—

1067 2600 1209 2635 stolirae
1234 2605 1407 2635 reservata
1435 2600 1657 2646 plectuntur:

1167 2647 1198 2682 l⁰
1225 2646 1291 2691 Qui
1320 2647 1424 2692 leges5
1443 2647 1621 2687 mandata,
1643 2646 1694 2682 vel
1712 2645 1848 2681 decreta

1067 2699 1187 2730 contra
1230 2694 1424 2730 libertatem
1463 2698 1523 2729 aut
1562 2694 1638 2728 iura
1678 2693 1848 2728 Ecclesiae

1065 2743 1197 2782 edunt;

1160 2789 1197 2823 :2⁰
1224 2788 1290 2832 Qui
1320 2788 1516 2834 impediunt
1551 2788 1680 2823 directe
1714 2787 1765 2822 vel
1793 2787 1845 2821 in-

1064 2836 1193 2871 directe
1218 2836 1420 2871 exercitium
1456 2835 1706 2870 iurisdictiouis
1735 2834 1842 2869 eccle-

1065 2884 1223 2919 siasticae
1248 2883 1320 2918 sive
1347 2883 1475 2918 interni
1503 2882 1575 2918 sive
1600 2881 1743 2917 externi«
1765 2881 1841 2917 fori.

1966 216 1981 268 ‚i

1976 268 1981 301 l
