1981 3182
86 18 90 22 .
137 0 210 19 „7⁸13-
240 0 280 11 3η.
340 0 355 6 ,.
380 7 382 10 Υ
445 0 450 1 7

180 133 271 169 Can.
299 133 392 168 2312
572 134 656 167 Trr.
685 133 735 166 X.
765 152 776 158 -
805 133 859 167 De
883 133 1065 167 remediis
1086 133 1318 176 poenalibus
1344 135 1409 166 etc.
1736 130 1802 164 193

888 329 1033 367 CAPUT
1059 330 1097 365 ll.

815 410 870 444 De
895 408 1156 452 poenitentiis.

227 509 311 547 CAN.
341 509 445 544 2312.
477 531 492 535 -
521 514 539 552 ξ
571 510 599 544 l.
643 509 878 544 poenitentiae
917 508 951 542 in
1074 507 1158 543 CAN.
1179 507 1279 542 2313.
1308 527 1329 534 -
1355 508 1373 553 g
1401 507 1431 541 1.
1458 507 1666 553 Praecipuae
1685 508 1801 552 poeni·

179 559 250 593 foro
275 562 416 593 externo
436 558 665 603 imponuntur
692 561 727 591 ut
746 556 955 602 delinquens
1027 555 1156 590 tentiae
1182 559 1263 589 sunt
1290 559 1494 600 praecepta:

180 606 231 640 vel
267 615 413 651 poenam
449 604 603 648 effugiat,
632 604 683 639 vel
712 614 840 649 poenae
874 614 953 638 con·
1127 602 1159 635 10
1178 601 1355 636 Recitandi
1382 601 1630 636 determinatas
1660 611 1801 646 preces;

178 657 307 688 tractae
344 651 597 687 absolutionem
636 655 694 686 aut
730 650 955 696 dispensatio·
1122 649 1159 682 2⁰
1179 648 1364 693 Peragendi
1402 649 1494 694 piam
1526 648 1680 693 aliquam
1709 657 1801 693 pere-

180 711 260 734 ncm
286 699 442 744 recipiat.
1027 696 1259 740 grinationem
1292 695 1344 730 vel
1373 695 1442 730 alia
1469 695 1604 740 pietatis
1633 705 1754 740 opera3

226 750 245 789 ξ
268 746 302 780 ⁵3.
331 744 386 782 Ob
412 745 575 781 delictum
612 750 671 779 aut
705 744 954 787 transgressio·
1123 742 1160 776 3⁰
1187 741 1354 778 Servandi
1397 742 1567 787 peculiare
1606 741 1798 786 ieiunium3

179 805 259 829 nem
305 793 473 829 occultam
518 803 701 838 nunquam
742 791 955 838 poenitentia
1124 788 1160 823 40
1186 789 1357 834 Erogandi
1383 789 1620 835 eleemosynas
1658 788 1695 822 in
1728 788 1802 834 pios

181 841 322 886 publica
348 841 558 886 imponatur.
1030 848 1130 877 usus;

226 892 245 930 ἓ
272 886 304 922 3.
341 887 576 923 Poenitentiae
614 897 683 920 non
723 891 793 921 tam
833 896 954 920 secun·
1123 883 1359 928 5⁰Peragendi
1376 883 1537 919 exercitia
1552 882 1748 928 spiritualia
1765 882 1800 916 in

177 935 262 970 dum
290 935 521 981 quantitatem
548 933 677 969 delicti.
709 944 813 978 quam
833 943 954 967 secun·
1031 931 1085 976 pia
1104 936 1163 966 aut
1182 931 1342 975 religiosa
1367 931 1469 965 domo
1489 941 1547 975 per
1565 930 1696 975 aliquot
1714 928 1799 964 dies.

176 983 261 1017 dum
299 982 507 1028 poenitentis
553 980 796 1016 contritionem
845 980 957 1015 mode·
1076 980 1095 1023 Q
1121 979 1154 1013 9..
1177 978 1411 1013 Poenitentias
1430 976 1640 1013 Ordinarius
1666 987 1726 1022 pro
1741 987 1802 1011 sua

179 1030 309 1065 randac
343 1034 436 1069 sunt,
457 1029 610 1074 pensatis
636 1027 865 1073 qualitatibus
887 1038 957 1073 per·
1031 1026 1215 1072 prudentia
1229 1026 1355 1060 addere
1374 1029 1483 1071 potest
1504 1024 1636 1070 poenali
1651 1023 1803 1058 remedio

178 1088 343 1112 sonarum
374 1081 405 1112 et
436 1076 639 1111 delictorum
671 1075 858 1110 adiunctis.
1030 1073 1232 1108 monitionis
1258 1077 1290 1108 et
1316 1072 1556 1117 correptionis.

299 1171 394 1214 146.
425 1173 680 1228 Inscriptio
704 1171 879 1227 capitis
903 1171 1142 1225 huiusque
1180 1181 1409 1213 canones.
1435 1166 1562 1209 Partis
1594 1165 1801 1208 secundae

180 1241 370 1285 ultimum
410 1240 545 1298 Capul
579 1239 623 1283 Il
653 1239 890 1283 inscribitur
928 1238 984 1282 De
1014 1237 1300 1296 poenitentiis,
1334 1249 1440 1294 qnae
1474 1235 1525 1279 ab
1558 1237 1727 1292 antiquo
1762 1237 1800 1278 in

182 1311 363 1355 Ecclesia
397 1310 620 1364 adhibitae,
647 1313 726 1353 imo
762 1312 904 1367 primis
929 1307 1184 1364 temporibus
1216 1320 1262 1350 ac
1289 1309 1325 1349 in
1363 1309 1449 1349 iure
1483 1307 1703 1362 antiquiori
1729 1305 1803 1347 fre-

177 1386 415 1440 quentatae,
451 1384 621 1425 innuunt
647 1395 695 1424 ex
734 1381 847 1424 verbi
872 1380 1174 1436 significatione
1200 1389 1363 1434 poenas.
1396 1376 1546 1434 quibus
1572 1375 1801 1418 voluntarie

179 1452 472 1502 subiiciuntur,
505 1454 574 1509 qui
608 1452 658 1495 de
693 1453 872 1507 peccatis
904 1464 974 1493 scu
1009 1450 1170 1493 delictis
1204 1450 1461 1504 resipiscunt.
1492 1446 1641 1489 Earum
1677 1446 1798 1488 linem

178 1523 486 1567 distinctionem
512 1535 559 1566 ac
583 1524 886 1578 impositionem
914 1521 1151 1564 moderatur
1173 1532 1262 1563 can.
1299 1518 1433 1571 &3123
1468 1529 1669 1574 quaenam
1704 1529 1800 1558 vero

180 1593 249 1637 illo
282 1596 447 1637 nomine
485 1595 649 1636 veniant
683 1593 805 1636 edicit
840 1605 928 1635 can.
966 1591 1103 1634 2313..

302 1665 398 1708 147.
435 1666 776 1710 Poenitentiae
799 1678 992 1721 scopus,
1015 1664 1192 1708 divisio
1216 1665 1265 1707 et
1296 1662 1556 1717 impositio.
1582 1657 1682 1702 Cum
1709 1670 1801 1714 pars

177 1740 483 1779 sacramentum
504 1737 779 1791 poenitentiae
800 1737 1010 1790 integrans
1036 1737 1206 1775 vocetur
1224 1745 1388 1789 quoquc
1415 1731 1677 1785 poenitentia,
1696 1740 1801 1785 quae

178 1811 348 1862 propter
368 1810 532 1862 peccata
556 1808 835 1861 imponuntur,
872 1809 982 1847 recte
1015 1806 1073 1847 sic
1093 1805 1235 1859 incipit
1268 1816 1357 1844 can.
1383 1803 1515 1843 9319.
1548 1800 1628 1857 {1-
1659 1798 1799 1841 Poeni-

179 1876 336 1919 tentiae
367 1888 490 1932 supra
524 1875 758 1919 declaratae
794 1875 833 1917 ιή
867 1874 961 1931 foro
984 1879 1156 1916 emer-no
1181 1873 1229 1915 ad
1266 1884 1354 1915 can.
1386 1872 1462 1913 196
1498 1869 1707 1913 declarato
1731 1868 1801 1910 isne.-

174 1947 352 2004 ponitm'
385 1946 460 1990 hoc
495 1947 661 1989 diverso
697 1948 799 1989 tine:
837 1951 879 1987 ut
911 1944 1170 2001 delinquens,
1207 1943 1286 1986 tale
1326 1954 1502 1998 namque
1538 1945 1599 1983 est
1642 1940 1799 1996 praefa-

179 2023 312 2061 tarum
347 2017 594 2071 subiectum,
632 2030 710 2060 non
745 2016 919 2073 simplex
957 2020 1162 2072 peccator,
1195 2019 1233 2065 a)
1268 2012 1330 2055 rel
1360 2026 1533 2069 poenam
1585 2022 1708 2067 quam
1744 2012 1802 2051 in-

175 2091 307 2151 currit
340 2088 526 2145 esl'uqiat,
562 2088 624 2131 cel
663 2102 824 2145 poenae
866 2090 1120 2139 contractae,
1154 2098 1225 2127 seu
1260 2096 1383 2141 quam
1430 2082 1627 2125 inflictam
1659 2093 1798 2123 secum

179 2161 270 2212 fert,
306 2158 348 2216 b)
383 2158 697 2202 absolutionem.
737 2174 755 2199 «
780 2161 810 2201 si
836 2162 983 2214 agatur
1015 2156 1067 2199 de
1090 2167 1327 2205 censura»,
1361 2158 1434 2195 (tul
1468 2151 1508 2208 c)
1526 2150 1802 2208 dispensatio-

175 2243 281 2277 menn
321 2232 391 2272 «si
428 2230 478 2272 de
513 2241 643 2285 poena
680 2229 934 2271 vindicativa
957 2242 979 2267 »
1018 2226 1125 2283 (can.
1163 2224 1274 2268 ‘2236
1307 2224 1335 2282 g
1370 2223 1426 2280 1),
1460 2222 1651 2280 recipiat.

294 2301 540 2345 Successixa
576 2287 810 2343 huiusmodi
846 2298 1035 2354 exempla
1080 2296 1197 2339 nobis
1230 2296 1406 2338 otterunt
1451 2293 1697 2337 Decretales.
1733 2292 1800 2334 Ait

174 2374 286 2416 enim
319 2369 443 2427 Greg.
479 2370 531 2413 lx
568 2373 605 2413 in
640 2383 729 2427 cap.
766 2371 816 2413 ‘17
858 2370 952 2412 (((16
985 2367 1241 2424 temporibus
1273 2366 1625 2409 ordinationum»
1659 2362 1743 2406 Lib.
1772 2362 1799 2415 l,

178 2442 235 2486 X:
267 2442 633 2498 «Respondemus,
656 2441 764 2498 quod
790 2443 820 2483 si
848 2442 1053 2497 proposita
1078 2440 1266 2490 crimina,
1290 2437 1434 2479 ordine
1454 2436 1669 2478 iudiciario
1688 2447 1800 2478 com·

163 2513 363 2570 probata,
391 2512 453 2555 vel
488 2512 589 2555 alias
613 2514 769 2554 notoria
806 2524 883 2554 non
920 2512 1084 2565 fuerint,
1118 2522 1196 2551 non
1232 2507 1383 2551 debent
1417 2506 1456 2549 hi
1499 2510 1678 2562 (praeter
1712 2518 1801 2548 reos

176 2582 406 2637 homicidii)
441 2587 529 2638 post
564 2583 857 2638 poenitentiam
894 2583 930 2623 in
968 2583 1045 2623 iam
1086 2579 1288 2634 susceptis
1323 2577 1386 2620 vel
1430 2575 1704 2631 suscipiendis
1735 2588 1798 2617 or-

176 2653 344 2698 dinibus
377 2653 595 2709 impediri:
629 2655 697 2709 qui
731 2654 762 2694 si
799 2665 875 2694 non
903 2652 1193 2707 poenituerint,
1217 2648 1409 2691 monendi
1434 2651 1539 2696 sunt.
1576 2651 1614 2688 et
1645 2644 1720 2688 sub
1746 2647 1801 2687 in-

177 2726 467 2769 terminatione
491 2724 622 2767 divini
648 2723 787 2767 iudicii
813 2722 1059 2776 obtestandi,
1084 2726 1123 2763 ut
1151 2723 1187 2762 in
1214 2721 1491 2762 testimonium
1513 2730 1610 2760 suae
1634 2716 1799 2759 damna-

177 2797 311 2849 tionis,
332 2796 370 2837 in
385 2796 586 2850 susceptis
604 2795 726 2836 etiam
748 2791 963 2835 ordinibus
982 2795 1060 2834 n'on
1081 2793 1312 2833 ministrent
1333 2805 1370 2833 ».
1391 2788 1488 2830 ltem
1503 2778 1693 2831 Urbanus
1715 2785 1794 2827 tlt!

175 2867 216 2908 in
251 2858 342 2922 cap.
378 2865 400 2907 2
439 2865 535 2907 «de
568 2864 718 2907 cleric-o
760 2876 839 2906 non
885 2863 1072 2905 ordinato
1118 2863 1376 2903 ministrante
1400 2875 1419 2899 »
1458 2857 1542 2900 Lib.
1578 2855 1624 2910 V,
1660 2855 1693 2898 X
1741 2869 1798 2898 re-

261 2955 356 2983 er
379 2970 397 2976 -
423 2954 545 2982 Comm.
573 2954 656 2981 Tea-t.
683 2953 758 2981 Cod.
783 2953 855 2980 [ην.
881 2952 962 2980 Cam.
1678 2945 1712 2973 13
