1981 3182
0 0 270 112 ΓἎΕ·“”
288 3 290 6 “
299 0 307 6 ’
322 0 328 2 “

57 66 59 73 1

11 113 25 125 ..-

115 127 209 163 Can.
235 126 441 162 2248-2249
525 127 609 161 Ti'r.
640 127 743 162 VIII.
764 148 775 153 —
794 127 850 162 De
870 130 1008 172 poenis
1035 129 1332 164 medicinalibus
1670 130 1736 164 107

233 248 288 291 lta
323 249 455 290 fuerat
489 249 756 290 constitutum
791 260 811 289 a
848 247 974 292 Bonis.
1013 246 1097 289 Vlll
1123 250 1160 290 in
1196 261 1283 305 cap.
1321 249 1372 291 ⁶22
1413 264 1431 289 (‹
1452 249 1502 292 de
1535 252 1735 292 sententia

114 319 592 363 excommunicationis»
633 319 670 359 in
706 318 772 360 60:
814 333 832 357 (1
852 317 943 371 Eos,
978 320 1047 374 qui
1072 330 1092 360 a
1127 321 1326 361 sententia
1351 322 1520 362 canonis
1550 323 1658 373 (cum
1685 320 1735 363 ad

115 389 243 440 illum,
277 400 298 431 a
332 401 413 445 quo
438 387 539 430 alias
571 387 622 429 (le
647 389 734 429 iure
769 387 928 429 fuerant
952 385 1214 441 absolvendi,
1239 393 1448 444 nequeunt
1474 394 1639 444 propter
1662 391 1736 431 im-

115 461 305 502 minentis
339 460 483 501 mortis
516 457 751 500 articulum.
776 462 844 499 aui
878 456 987 499 aliud
1016 458 1356 512 impedimentum
1395 458 1640 514 teguunum,
1666 472 1736 515 pro

111 529 381 574 absolutionis
413 527 615 572 beneticio
650 527 802 570 babere
827 534 1062 578 recursum)
1086 527 1136 570 ab
1160 528 1239 570 alio
1271 528 1573 572 absolvuntur:
1599 533 1629 572 si
1654 544 1739 573 ces-

111 606 225 644 sante
261 604 397 655 postea
450 598 645 655 periculo„
684 598 747 641 vel
794 598 1090 654 impedimento
1126 598 1374 649 huiusmodi,
1415 613 1457 642 se
1497 600 1568 653 illi,
1601 613 1622 643 a
1656 614 1736 657 quo

114 671 175 714 liis
206 669 462 714 cessantibus
506 669 665 712 absolvi
711 668 930 715 debebant,
975 682 1098 724 quam
1144 671 1224 712 cito
1268 671 1486 713 commode
1532 676 1736 726 poterunt,

111 743 433 798 contempserint
469 745 733 796 praesentare
769 740 1008 782 mandatum
1046 742 1173 795 ipsius
1206 753 1331 796 super
1365 740 1456 795 illis,
1492 755 1564 796 pro
1587 741 1737 797 quibus

110 813 458 855 excommunicati
493 811 668 863 inerant,
703 809 915 852 humiliter
939 813 1160 866 recepturi,
1194 815 1229 852 et
1255 812 1503 854 satisfacturi
1539 817 1655 867 prout
1683 814 1738 854 iu-

109 885 215 926 stitia
249 881 462 926 suadebit:
483 881 753 924 Decet-nimus
771 882 836 933 (ne
859 883 916 923 sic
940 894 1141 924 censurae
1165 882 1391 924 illudantur
1413 882 1735 939 ecclesiasticae)

110 954 148 997 in
183 953 357 996 eandem
391 954 637 995 sententiam
684 951 871 993 recidere
916 954 1001 1007 ipso
1037 954 1181 994 iure».
1218 953 1352 1009 Atque
1388 955 1424 994 in
1460 966 1548 1008 cap.
1585 954 1609 995 8
1648 954 1736 995 «de

110 1024 244 1067 officio
284 1023 431 1067 iudicis
474 1022 714 1065 ordinarii»
764 1022 810 1079 (l,
846 1022 918 1079 231)
957 1021 1002 1074 X,
1049 1023 1184 1065 lnnoe.
1232 1023 1278 1065 lll
1314 1025 1367 1066 ait
1412 1023 1736 1079 Areliiepiscopo

110 1094 407 1151 Rotliomagen.
448 1110 470 1134 (1
489 1098 528 1136 111
565 1093 749 1150 (recepta
791 1096 985 1136 iuratoria
1031 1093 1241 1150 cautione)
1274 1094 1544 1136 absolutionis
1589 1108 1737 1137 munus

109 1167 144 1208 ei
180 1167 332 1221 poteris
364 1164 578 1217 exhibere,
613 1166 666 1206 ita
711 1169 845 1206 tamen
891 1165 999 1221 quod
1047 1167 1120 1206 nisi
1158 1165 1340 1217 legitime
1384 1165 1454 1207 tibi
1495 1168 1737 1215 constiterit,

109 1249 201 1279 eum
237 1240 377 1279 contra
415 1237 610 1278 iustitiam
645 1238 1053 1277 excommunicatuni
1092 1237 1230 1286 fuisse,
1265 1249 1313 1278 ex
1349 1235 1487 1278 debito
1521 1235 1596 1279 sibi
1634 1238 1738 1278 iura-

109 1309 231 1350 menti
270 1309 512 1362 praecipias,
550 1311 590 1348 ut
623 1320 747 1361 super
780 1320 842 1356 eo,
875 1307 926 1348 ‹le
955 1319 1036 1362 quo
1071 1307 1190 1348 fuerit
1216 1308 1646 1349 excommunit-atione
1672 1320 1738 1348 no-

108 1382 226 1431 tatus,
261 1377 395 1421 eidem
431 1380 624 1433 episcopo
658 1378 879 1420 satisfaciat
904 1382 1210 1432 competenter:
1246 1376 1363 1429 Quod
1400 1379 1430 1418 si
1472 1378 1606 1419 facere
1646 1391 1738 1419 eon-

107 1451 335 1505 tempserit,
370 1462 463 1491 eum
500 1451 537 1490 in
572 1440 1017 1491 excominunicationis
1065 1450 1324 1493 sententiani.
1360 1448 1635 1503 appellatione
1675 1462 1734 1490 re-

109 1524 230 1571 mota,
268 1519 469 1561 reducere
503 1532 580 1560 non
617 1520 838 1560 omittas».

225 1590 292 1632 73.
346 1591 417 1636 De
463 1591 793 1635 absolutionis
842 1604 872 1635 a
918 1592 1138 1636 censuris
1186 1592 1506 1646 amplitudine
1555 1587 1738 1646 loquitur

107 1675 196 1706 can.
210 1663 337 1704 2249
363 1674 600 1717 supponens
615 1661 805 1703 traditam
822 1661 1140 1716 explicationem
1159 1663 1399 1716 praescripti
1414 1660 1489 1703 sub
1503 1673 1592 1703 can.
1610 1660 1735 1702 2244.

106 1732 219 1775 Tunc
251 1734 359 1775 enim
395 1732 550 1774 dictum
587 1736 644 1773 est
680 1744 878 1774 censuras
911 1745 999 1774 esse
1035 1735 1228 1788 tanquam
1268 1731 1430 1773 1111611111
1478 1731 1733 1787 prohibentia

107 1805 193 1846 iure
227 1815 247 1845 a
281 1801 530 1860 quibusdam
575 1801 748 1846 actibus.
795 1801 899 1845 Hinc
935 1805 1010 1843 rite
1047 1802 1290 1857 intelligitur
1328 1802 1435 1859 quod
1471 1804 1524 1844 ait
1558 1802 1586 1857 ς’
1621 1805 1655 1843 1.
1692 1801 1737 1843 si

107 1873 200 1931 quis
229 1873 424 1930 pluribus
453 1874 684 1915 «diversae
721 1872 783 1915 161
819 1873 1004 1915 eiusdem
1040 1875 1231 1928 speciei»
1261 1872 1450 1914 censuris
1480 1871 1734 1918 delineatur,

103 1950 239 2003 potest
271 1945 320 1988 ab
354 1959 439 1988 una
472 1944 631 1987 absolvi
666 1944 848 1999 legitime
883 1957 930 1986 ac
966 1944 1089 1994 licite,
1124 1944 1273 1985 veteris
1309 1943 1478 1985 minime
1516 1941 1733 1985 absolutis:

107 2015 211 2060 Hinc
244 2018 367 2059 etiam
401 2028 422 2058 a
458 2015 647 2072 pluribus
680 2015 855 2066 absolvi,
892 2017 1009 2057 unica
1047 2015 1202 2056 relicta.

222 2086 250 2145 ἓ
281 2089 322 2130 2.
348 2085 493 2129 Peleus
517 2085 833 2139 absolutismem,
858 2100 951 2128 cuin
984 2102 1000 2125 (‹
1023 2085 1210 2141 pluribus
1233 2087 1419 2127 censuris
1442 2085 1677 2127 detineatur
1698 2101 1734 2138 »,

105 2171 151 2201 eo
185 2158 295 2216 quod
329 2158 512 2212 additur,
546 2157 662 2199 (lebet
702 2159 802 2199 iuris
847 2159 1116 2212 praescripto,
1154 2161 1192 2198 ut
1236 2156 1481 2210 simpliciter
1523 2155 1735 2198 absolutus

107 2229 270 2283 evadat,
305 2242 427 2271 casus
462 2231 499 2270 in
535 2241 752 2271 censuram
789 2242 929 2270 omnes
964 2226 1156 2268 indicare
1188 2227 1456 2274 sufficienter,
1493 2239 1583 2268 nam
1619 2240 1735 2268 secus

107 2299 313 2343 absolutio
346 2299 440 2343 data
475 2299 585 2341 vale!
620 2305 781 2341 {ruitum
818 2299 1010 2356 equidem
1044 2300 1154 2340 iuxta
1189 2298 1216 2355 g
1255 2299 1265 2338 1
1303 2311 1381 2354 pro
1416 2311 1514 2339 61131(
1538 2310 1734 2354 6111116181)

108 2373 145 2413 in
182 2369 375 2426 precibus
399 2383 478 2413 uno
515 2369 577 2413 vel
615 2370 855 2425 multiplici:
883 2369 982 2412 111166
1017 2373 1077 2411 est
1109 2371 1217 2410 enini
1249 2368 1437 2410 voluntas
1472 2367 1736 2410 rescribentis

105 2441 333 2484 secundum
356 2446 539 2484 tenorem
570 2436 825 2485 documenti.
854 2441 1119 2496 l'rosequitur
1144 2452 1297 2481 canon:
1324 2438 1431 2494 quod
1454 2439 1490 2480 si
1513 2437 1732 2486 absolutio„

105 2525 211 2569 quae
247 2515 284 2555 111
321 2516 435 2569 parte
469 2515 658 2568 rescripti
694 2512 936 2568 (ἰὴ-1111511113
974 2513 1198 2561 111161111111,
1233 2509 1421 2567 (suomi-is
1452 2508 1734 2567 particularis

106 2583 240 2640 quoad
278 2585 333 2625 rei
372 2585 588 2626 veritatem
622 2583 772 2639 petilio
805 2584 921 2639 suem
955 2582 1026 2635 sil,
1058 2581 1190 2638 fueri!
1215 2580 1292 2622 illa
1313 2580 1529 2636 yeneralis
1562 2594 1609 2622 ex
1649 2593 1734 2621 ver-

107 2653 250 2697 borum
287 2659 441 2707 tenore,
476 2653 517 2710 a)
554 2653 660 2695 cale!
695 2668 855 2710 qnoque
888 2652 1095 2695 absolutio
1131 2652 1232 2694 ultra
1260 2654 1495 2707 petitionem
1533 2665 1604 2707 pro
1638 2664 1730 2693 ‹Vten-

105 2727 224 2772 suris,
259 2724 411 2782 quibus
444 2725 691 2779 detineatur,
728 2724 908 2766 relinitis
941 2723 1045 2765 bona
1079 2722 1170 2778 fide,
1208 2723 1334 2765 idest:
1370 2736 1417 2765 ex
1453 2722 1731 2777 simplicitate,

110 2796 171 2839 vel
218 2797 448 2852 ignorantia
495 2801 577 2838 tum
613 2796 788 2837 aliarum
824 2808 1109 2846 censurarum,
1146 2799 1230 2836 tuni
1269 2793 1376 2835 modi
1413 2793 1610 2836 exarandi
1647 2804 1732 2846 pre-

106 2879 186 2921 ces⁷
220 2871 407 2923 6316611111,
440 2868 472 2908 si
519 2868 624 2908 inter
659 2868 840 2908 reticitas
883 2866 1002 2919 adsit,
1038 2877 1214 2905 censura
1257 2863 1468 2920 quaelibet
1514 2860 1728 2919 specialis-
