1981 3182
190 107 260 140 264
566 106 646 138 12113.
671 105 716 138 V.
738 125 750 130 -
771 105 881 139 PARS
899 105 970 140 III.
991 127 999 130 -
1018 105 1072 140 De
1084 109 1222 150 poenis
1243 108 1284 139 in
1302 106 1441 138 delicta
1603 105 1695 140 san.
1722 105 1814 140 ‘2357

188 226 215 284 ἓ
254 225 325 282 1⁰),
359 231 397 268 et
433 227 585 282 pariter
618 227 650 267 si
687 226 913 281 praelatum
947 225 1143 268 delictum
1182 226 1384 267 notorium
1410 224 1706 279 conmiserint,
1729 239 1817 267 ver-

190 296 286 340 bnm
321 296 572 339 confirmans
611 312 632 335 α
656 294 847 338 adulterii
871 310 892 335 ))
933 297 1311 351 interpretationem
1346 297 1571 351 propriam,
1603 294 1666 337 vel
1699 294 1741 352 b)
1772 295 1815 337 in

190 366 466 409 eoncubimztu
501 366 537 409 id
573 371 630 409 est
671 382 692 405 «
715 379 807 409 cuin
843 368 935 422 quis
966 369 1055 409 sive
1089 366 1199 408 (lomi
1238 368 1327 408 sive
1350 370 1467 408 extra
1492 365 1677 409 illicitum
1703 378 1814 408 com-

192 439 390 480 mercium
426 436 592 480 carnale
625 437 789 479 assidue
822 441 1058 480 exerceat»
1099 437 1125 478 ¹.
1160 436 1386 479 dummodo
1428 438 1487 479 sic
1530 436 1816 493 delinquentes

186 507 364 566 publice,
402 512 444 551 ut
476 520 596 564 supra
635 508 710 550 fuit
742 507 998 551 declaratum
1038 508 1190 551 vimmt.
1224 506 1405 550 scilicet:
1441 507 1562 550 talem
1596 512 1814 550 consuetu-

189 579 326 622 dinem
363 592 441 622 non
477 578 789 636 dereliquerunt
823 579 1037 622 ‹letinitive
1071 578 1216 621 saltem
1249 578 1300 621 de
1335 579 1453 633 facto,
1488 577 1550 620 cel
1582 577 1621 635 c)
1649 577 1695 621 ob
1724 578 1810 621 alia

191 663 360 706 nempe:
394 650 470 693 sub
503 652 544 703 {⁰
583 649 624 692 1⁰
660 663 737 692 non
774 652 955 693 taxative
979 649 1293 705 comprehensa,
1316 647 1470 691 delicta
1494 648 1546 692 ob
1573 653 1811 706 sequentem

187 723 442 764 sanctionem
477 725 515 764 et
549 723 661 764 iuxta
711 721 994 763 definitionem
1032 723 1068 763 in
1104 732 1194 764 can.
1232 720 1344 762 2195
1376 719 1403 776 ἓ
1442 720 1453 761 l
1494 720 1631 762 datam
1667 726 1813 763 contra

189 797 351 834 serlum
385 791 576 848 decaloyz'
606 797 890 849 praeceptum,
926 796 1046 848 prout
1078 805 1099 834 a
1136 790 1339 847 theologis
1371 791 1603 847 explicatur
1645 804 1692 834 ac
1736 804 1812 833 non

189 863 273 906 sola
309 864 524 905 fornicatio
556 864 698 905 stricte
731 862 854 913 dicta,
889 862 957 904 sed
984 864 1105 905 etiam
1131 866 1271 905 contra
1298 866 1502 915 naturam,
1525 860 1710 919 leyilime
1728 860 1814 912 fue-

191 934 277 976 rint
309 933 516 985 damnati,
549 935 656 976 sicut
689 932 792 975 liaec
826 932 1009 975 clausula
1045 935 1082 974 in
1127 932 1172 989 §⁰
1209 933 1253 975 1Ο
1286 933 1360 975 fuit
1402 932 1634 986 declarata,
1680 932 1734 983 hi,
1768 945 1816 975 eo

189 1004 299 1062 qnod
334 1004 385 1047 (le
419 1005 524 1047 sacto
568 1004 846 1046 damnationis
888 1003 1122 1046 huiusmodi
1158 1008 1328 1055 constat,
1364 1002 1658 1058 escludantur,
1704 1003 1814 1046 nulla

188 1077 390 1119 sententia
424 1074 704 1119 ecclesiastica
740 1079 969 1130 expectata,
1003 1073 1052 1116 ab
1086 1074 1246 1117 aclibus
1279 1074 1481 1131 leyi'ti'mis
1504 1074 1812 1128 ecclesiasticis,

189 1160 365 1203 quorum
407 1148 617 1188 «nomine
649 1146 937 1201 significantur
962 1161 981 1186 ))
1020 1145 1070 1188 ad
1104 1158 1193 1189 can.
1231 1146 1357 1200 2256,
1393 1145 1436 1188 2⁰
1460 1145 1673 1200 declarati,
1692 1146 1816 1188 modo

190 1222 327 1260 tamen
363 1230 434 1273 pro
466 1216 639 1273 singulis
672 1216 810 1260 debito
844 1221 883 1259 et
916 1229 936 1258 a
974 1229 1146 1272 persona
1180 1219 1244 1259 cni
1280 1222 1499 1272 competat,
1533 1216 1663 1259 donec
1694 1216 1817 1273 siqua

191 1301 311 1331 cerae
341 1287 662 1345 resipiscentiae
695 1286 898 1339 dederint,
928 1301 963 1328 v.
988 1301 1048 1343 gr.
1074 1301 1146 1344 per
1169 1288 1410 1330 diuturnum
1435 1288 1663 1331 discessum
1687 1300 1708 1330 a
1729 1288 1818 1331 loco

190 1359 259 1402 nbi
292 1358 523 1402 concubina
559 1360 631 1402 fuit
666 1358 823 1410 relicta,
859 1372 930 1415 per
963 1360 1053 1403 eius
1095 1359 1330 1401 evidentem
1376 1358 1702 1414 derelictionem,
1748 1372 1819 1415 per

190 1431 491 1474 confessionem
526 1443 621 1473 cum
665 1429 953 1474 emendatione
1000 1435 1224 1486 peractam,
1269 1435 1346 1473 etc.
1394 1429 1507 1474 Unde
1549 1443 1629 1473 non
1668 1430 1819 1473 sufficit

190 1501 398 1558 quaelibet
431 1501 731 1545 concubinatus
765 1503 1025 1555 interruptio,
1060 1503 1132 1544 etsi
1170 1503 1334 1557 proprie
1366 1501 1447 1545 dici
1482 1505 1618 1557 posset
1644 1500 1752 1558 quod
1780 1504 1817 1543 in

190 1586 237 1615 eo
272 1586 350 1615 non
389 1575 542 1616 vivant.

308 1642 431 1688 Conc.
465 1643 575 1688 Trid.
609 1646 732 1687 etiam
778 1643 843 1687 illa
888 1645 969 1687 ‹luo
1017 1646 1189 1687 crimina
1222 1644 1263 1702 ξι
1297 1644 1335 1684 '2³
1371 1646 1546 1700 percutit
1586 1646 1624 1687 in
1664 1656 1752 1699 cap.
1794 1644 1818 1687 8

189 1729 286 1758 sess.
322 1714 455 1758 xxiv
494 1731 514 1755 ((
538 1715 589 1758 de
622 1714 929 1759 Reformatione
965 1717 1261 1757 matrimonii»
1299 1717 1357 1758 sic
1382 1717 1603 1771 incipiens:
1643 1731 1665 1755 ((
1688 1726 1817 1771 grave

193 1790 406 1842 peccatum
440 1791 497 1828 est
522 1785 711 1829 homines
732 1785 887 1828 solutos
910 1784 1163 1828 concubinas
1188 1784 1363 1838 liabere3
1389 1787 1682 1841 gravissimum
1707 1797 1817 1838 vero,

191 1861 230 1899 et
262 1858 300 1899 in
334 1856 457 1899 huius
491 1858 629 1913 magni
663 1858 910 1900 sacramenti
950 1856 1202 1912 singularem
1248 1860 1530 1911 contemptum
1575 1855 1818 1907 admissum,

191 1932 387 1970 uxoratos
419 1940 606 1985 quosque
642 1929 677 1969 in
714 1926 791 1970 hoc
824 1927 1100 1970 damnationis
1133 1931 1238 1969 statu
1276 1928 1432 1971 vivere.
1467 1938 1513 1969 ac
1552 1926 1708 1969 audere
1751 1938 1820 1968 eas

191 1997 439 2054 quandoque
474 1998 599 2052 domi,
634 2000 756 2041 etiam
791 2011 885 2041 cum
923 1996 1121 2041 uxoribus
1154 1997 1266 2040 alere
1299 2002 1337 2040 et
1372 1999 1564 2040 retinere.
1599 1997 1752 2051 Quare,
1779 2001 1820 2039 ut

191 2068 287 2112 huic
321 2074 432 2111 tanto
469 2069 574 2112 malo
608 2073 749 2113 sancta
782 2069 973 2125 Synodus
1006 2070 1248 2125 opportunis
1271 2067 1468 2111 remediis
1493 2068 1723 2123 provideat,
1744 2073 1822 2110 sta-

192 2142 268 2182 tuit
300 2139 535 2183 huiusmodi
569 2139 947 2184 concubinarios....
984 2141 1413 2183 excommunicatione
1439 2139 1645 2182 feriendos
1668 2151 1755 2181 esse
1780 2154 1817 2182 ».

194 2210 335 2253 Postea
368 2211 542 2254 dicitur:
584 2226 603 2251 ((
629 2210 837 2261 mulieres,
871 2213 959 2253 sive
993 2212 1253 2266 coniugatae,
1277 2212 1366 2252 sii-e
1389 2209 1562 2263 solutae,
1585 2222 1817 2266 quae,cum

190 2281 389 2324 adulteris
422 2295 494 2324 seu
528 2281 834 2325 concubinariis
871 2281 1033 2332 publice
1077 2282 1236 2334 vivunt,
1242 2313 1309 2324 .....
1354 2282 1539 2337 graviter
1583 2293 1654 2336 pro
1700 2279 1819 2322 modo

192 2352 337 2408 culpae
372 2354 657 2407 puniantur»,
690 2356 728 2395 et
761 2352 839 2395 alia
873 2352 1120 2395 subduntur.
1155 2349 1255 2394 Cum
1296 2364 1392 2394 vero
1418 2351 1563 2394 harum
1595 2362 1817 2406 poenarum

196 2438 217 2462 α
242 2425 280 2465 in
314 2421 465 2466 Codice
500 2423 609 2466 nulla
645 2424 715 2465 liat
741 2425 908 2475 mentio,
932 2424 1123 2479 quamvis
1146 2423 1225 2464 sint
1250 2421 1445 2464 ferendae
1468 2423 1709 2474 sententiae,
1733 2426 1820 2464 tan—

192 2505 315 2550 quam
350 2493 573 2549 abrogatae
607 2493 881 2537 habeantur»
920 2493 1027 2550 (can.
1066 2494 1103 2544 6,
1140 2492 1215 2549 5⁰).

313 2564 408 2608 200.
445 2566 516 2610 De
550 2566 740 2610 clericis
774 2568 947 2610 contra
980 2568 1173 2609 sextum
1197 2566 1514 2620 praeceptum
1538 2565 1819 2620 delinquen-

192 2637 324 2681 tibus
357 2635 557 2691 speciales
590 2635 743 2677 conditi
779 2640 872 2677 snnt
906 2647 1096 2677 canones.
1133 2633 1180 2676 Et
1214 2635 1361 2690 primo,
1399 2636 1494 2690 quia
1533 2635 1709 2690 «prima
1734 2638 1820 2675 ton-

192 2718 288 2748 sura
322 2710 361 2748 et
394 2706 560 2748 ordines
594 2705 672 2748 illis
706 2710 862 2748 tantum
897 2704 1134 2748 conferendi
1160 2709 1295 2747 sunt...
1321 2717 1424 2761 quos
1447 2706 1592 2747 merito
1615 2706 1821 2747 coniiccre

314 2860 324 2880 1
355 2858 477 2892 Santi.
506 2858 798 2892 Praelectiones
826 2857 924 2890 iuris
952 2856 1145 2890 canonici.
1173 2856 1257 2889 Lib.
1287 2856 1373 2897 XV,
1403 2857 1464 2890 tit.
1492 2855 1598 2898 XVI,
1627 2868 1665 2891 n.
1698 2858 1752 2890 11.
