<?xml version="1.0" encoding="UTF-8"?>
<!DOCTYPE html PUBLIC "-//W3C//DTD XHTML 1.0 Transitional//EN"
    "http://www.w3.org/TR/xhtml1/DTD/xhtml1-transitional.dtd">
<html xmlns="http://www.w3.org/1999/xhtml" xml:lang="en" lang="en">
 <head>
  <title>
</title>
<meta http-equiv="Content-Type" content="text/html;charset=utf-8" />
  <meta name='ocr-system' content='tesseract 3.04.00' />
  <meta name='ocr-capabilities' content='ocr_page ocr_carea ocr_par ocr_line ocrx_word'/>
</head>
<body>
  <div class='ocr_page' id='page_1' title='image "./commentariumtext05blatuoft_0016.png"; bbox 0 0 1981 3182; ppageno 0'>
   <div class='ocr_carea' id='block_1_1' title="bbox 263 144 1428 180">
    <p class='ocr_par' dir='ltr' id='par_1_1' title="bbox 263 144 1428 180">
     <span class='ocr_line' id='line_1_1' title="bbox 263 144 1428 180; baseline 0.001 -3"><span class='ocrx_word' id='word_1_1' title='bbox 263 146 285 177; x_wconf 83' lang='lat'>4</span> <span class='ocrx_word' id='word_1_2' title='bbox 312 154 315 159; x_wconf 94' lang='lat'><em>·</em></span> <span class='ocrx_word' id='word_1_3' title='bbox 732 145 816 180; x_wconf 88' lang='lat' dir='ltr'><strong>LIB.</strong></span> <span class='ocrx_word' id='word_1_4' title='bbox 842 145 887 178; x_wconf 93' lang='lat' dir='ltr'>V.</span> <span class='ocrx_word' id='word_1_5' title='bbox 917 165 928 170; x_wconf 99' lang='lat'>-</span> <span class='ocrx_word' id='word_1_6' title='bbox 956 144 1065 179; x_wconf 80' lang='lat' dir='ltr'><strong>PARS</strong></span> <span class='ocrx_word' id='word_1_7' title='bbox 1091 145 1122 178; x_wconf 87' lang='grc' dir='ltr'>Ι.</span> <span class='ocrx_word' id='word_1_8' title='bbox 1151 163 1166 171; x_wconf 84' lang='grc'><strong>-</strong></span> <span class='ocrx_word' id='word_1_9' title='bbox 1191 144 1248 178; x_wconf 85' lang='lat' dir='ltr'>De</span> <span class='ocrx_word' id='word_1_10' title='bbox 1277 145 1428 179; x_wconf 78' lang='lat' dir='ltr'>delictis</span> 
     </span>
    </p>
   </div>
   <div class='ocr_carea' id='block_1_2' title="bbox 270 208 1444 212">
    <p class='ocr_par' dir='ltr' id='par_1_2' title="bbox 270 208 1444 212">
     <span class='ocr_line' id='line_1_2' title="bbox 270 208 1444 212; baseline 0 0"><span class='ocrx_word' id='word_1_11' title='bbox 270 208 1444 212; x_wconf 95' lang='lat' dir='ltr'> </span> 
     </span>
    </p>
   </div>
   <div class='ocr_carea' id='block_1_3' title="bbox 263 265 1896 2945">
    <p class='ocr_par' dir='ltr' id='par_1_3' title="bbox 263 265 1896 1231">
     <span class='ocr_line' id='line_1_3' title="bbox 265 265 1890 323; baseline -0.001 -14"><span class='ocrx_word' id='word_1_12' title='bbox 265 267 426 310; x_wconf 80' lang='lat' dir='ltr'>dixisti:</span> <span class='ocrx_word' id='word_1_13' title='bbox 460 267 705 309; x_wconf 90' lang='lat' dir='ltr'>mandamus</span> <span class='ocrx_word' id='word_1_14' title='bbox 738 270 942 323; x_wconf 84' lang='lat' dir='ltr'>quatenus</span> <span class='ocrx_word' id='word_1_15' title='bbox 977 267 1269 321; x_wconf 88' lang='lat' dir='ltr'>poenitentiam</span> <span class='ocrx_word' id='word_1_16' title='bbox 1315 267 1349 307; x_wconf 88' lang='lat' dir='ltr'>ei</span> <span class='ocrx_word' id='word_1_17' title='bbox 1396 265 1644 321; x_wconf 79' lang='lat' dir='ltr'>condignam</span> <span class='ocrx_word' id='word_1_18' title='bbox 1690 267 1890 319; x_wconf 75' lang='lat' dir='ltr'>imponas,</span> 
     </span>
     <span class='ocr_line' id='line_1_4' title="bbox 264 336 1891 393; baseline -0.001 -13"><span class='ocrx_word' id='word_1_19' title='bbox 264 342 302 380; x_wconf 82' lang='lat' dir='ltr'>et</span> <span class='ocrx_word' id='word_1_20' title='bbox 334 337 523 391; x_wconf 70' lang='lat' dir='ltr'>suadeas,</span> <span class='ocrx_word' id='word_1_21' title='bbox 560 342 601 379; x_wconf 89' lang='lat' dir='ltr'>ut</span> <span class='ocrx_word' id='word_1_22' title='bbox 651 341 764 393; x_wconf 89' lang='lat' dir='ltr'>parte</span> <span class='ocrx_word' id='word_1_23' title='bbox 809 337 1084 392; x_wconf 89' lang='lat' dir='ltr'>poenitentiae</span> <span class='ocrx_word' id='word_1_24' title='bbox 1120 340 1300 391; x_wconf 80' lang='lat' dir='ltr'>peracta,</span> <span class='ocrx_word' id='word_1_25' title='bbox 1334 336 1479 378; x_wconf 90' lang='lat' dir='ltr'>ordine</span> <span class='ocrx_word' id='word_1_26' title='bbox 1513 341 1704 391; x_wconf 86' lang='lat' dir='ltr'>suscepto</span> <span class='ocrx_word' id='word_1_27' title='bbox 1740 340 1891 389; x_wconf 78' lang='lat' dir='ltr'>utatur,</span> 
     </span>
     <span class='ocr_line' id='line_1_5' title="bbox 263 405 1891 464; baseline -0.001 -14"><span class='ocrx_word' id='word_1_28' title='bbox 263 422 343 464; x_wconf 77' lang='lat' dir='ltr'>quo</span> <span class='ocrx_word' id='word_1_29' title='bbox 377 413 592 451; x_wconf 89' lang='lat' dir='ltr'>contentus</span> <span class='ocrx_word' id='word_1_30' title='bbox 625 410 818 458; x_wconf 52' lang='lat' dir='ltr'>existens,</span> <span class='ocrx_word' id='word_1_31' title='bbox 843 406 893 449; x_wconf 85' lang='lat' dir='ltr'>ad</span> <span class='ocrx_word' id='word_1_32' title='bbox 918 409 1155 461; x_wconf 76' lang='lat' dir='ltr'>superiores</span> <span class='ocrx_word' id='word_1_33' title='bbox 1178 406 1356 462; x_wconf 89' lang='lat' dir='ltr'>amplius</span> <span class='ocrx_word' id='word_1_34' title='bbox 1381 419 1459 448; x_wconf 90' lang='lat' dir='ltr'>non</span> <span class='ocrx_word' id='word_1_35' title='bbox 1484 407 1681 449; x_wconf 80' lang='lat' dir='ltr'>ascendat</span> <span class='ocrx_word' id='word_1_36' title='bbox 1703 422 1742 448; x_wconf 86' lang='lat'>».</span> <span class='ocrx_word' id='word_1_37' title='bbox 1768 405 1891 449; x_wconf 87' lang='lat' dir='ltr'>Aliud</span> 
     </span>
     <span class='ocr_line' id='line_1_6' title="bbox 264 476 1894 536; baseline -0.002 -13"><span class='ocrx_word' id='word_1_38' title='bbox 264 484 388 536; x_wconf 83' lang='lat' dir='ltr'>caput</span> <span class='ocrx_word' id='word_1_39' title='bbox 422 478 699 522; x_wconf 85' lang='lat' dir='ltr'>Decretalium</span> <span class='ocrx_word' id='word_1_40' title='bbox 733 480 784 521; x_wconf 91' lang='lat' dir='ltr'>sit</span> <span class='ocrx_word' id='word_1_41' title='bbox 818 477 869 519; x_wconf 79' lang='lat'>34</span> <span class='ocrx_word' id='word_1_42' title='bbox 911 493 930 517; x_wconf 84' lang='grc'>((</span> <span class='ocrx_word' id='word_1_43' title='bbox 955 477 1005 520; x_wconf 88' lang='lat' dir='ltr'>de</span> <span class='ocrx_word' id='word_1_44' title='bbox 1038 479 1256 520; x_wconf 82' lang='lat' dir='ltr'>simonia»</span> <span class='ocrx_word' id='word_1_45' title='bbox 1298 476 1364 533; x_wconf 79' lang='lat' dir='ltr'>(V,</span> <span class='ocrx_word' id='word_1_46' title='bbox 1399 476 1457 534; x_wconf 78' lang='lat'>3),</span> <span class='ocrx_word' id='word_1_47' title='bbox 1491 479 1529 519; x_wconf 90' lang='lat' dir='ltr'>in</span> <span class='ocrx_word' id='word_1_48' title='bbox 1565 490 1645 533; x_wconf 87' lang='lat' dir='ltr'>quo</span> <span class='ocrx_word' id='word_1_49' title='bbox 1682 477 1815 520; x_wconf 91' lang='lat' dir='ltr'>lnnoc.</span> <span class='ocrx_word' id='word_1_50' title='bbox 1842 476 1894 519; x_wconf 84' lang='grc' dir='ltr'>ΙΙΙ</span> 
     </span>
     <span class='ocr_line' id='line_1_7' title="bbox 264 547 1891 607; baseline -0.002 -14"><span class='ocrx_word' id='word_1_51' title='bbox 264 553 322 593; x_wconf 82' lang='lat' dir='ltr'>sic</span> <span class='ocrx_word' id='word_1_52' title='bbox 357 550 558 607; x_wconf 79' lang='lat' dir='ltr'>loquitur:</span> <span class='ocrx_word' id='word_1_53' title='bbox 598 565 617 589; x_wconf 83' lang='lat'>((</span> <span class='ocrx_word' id='word_1_54' title='bbox 641 549 753 592; x_wconf 88' lang='lat' dir='ltr'>Licet</span> <span class='ocrx_word' id='word_1_55' title='bbox 785 554 922 591; x_wconf 88' lang='lat' dir='ltr'>autem</span> <span class='ocrx_word' id='word_1_56' title='bbox 949 548 1084 591; x_wconf 88' lang='lat' dir='ltr'>taliter</span> <span class='ocrx_word' id='word_1_57' title='bbox 1107 547 1304 591; x_wconf 82' lang='lat' dir='ltr'>duximus</span> <span class='ocrx_word' id='word_1_58' title='bbox 1330 548 1663 604; x_wconf 84' lang='lat' dir='ltr'>respondendum</span> <span class='ocrx_word' id='word_1_59' title='bbox 1700 548 1891 604; x_wconf 81' lang='lat' dir='ltr'>(nempez</span> 
     </span>
     <span class='ocr_line' id='line_1_8' title="bbox 264 618 1891 678; baseline -0.002 -14"><span class='ocrx_word' id='word_1_60' title='bbox 264 621 373 678; x_wconf 86' lang='lat' dir='ltr'>quod</span> <span class='ocrx_word' id='word_1_61' title='bbox 413 622 639 676; x_wconf 77' lang='lat' dir='ltr'>«receptio</span> <span class='ocrx_word' id='word_1_62' title='bbox 673 622 711 662; x_wconf 91' lang='lat' dir='ltr'>in</span> <span class='ocrx_word' id='word_1_63' title='bbox 747 621 992 662; x_wconf 76' lang='lat' dir='ltr'>canonicum</span> <span class='ocrx_word' id='word_1_64' title='bbox 1033 619 1122 661; x_wconf 86' lang='lat' dir='ltr'>fieri</span> <span class='ocrx_word' id='word_1_65' title='bbox 1169 621 1317 674; x_wconf 87' lang='lat' dir='ltr'>poterit</span> <span class='ocrx_word' id='word_1_66' title='bbox 1351 618 1507 675; x_wconf 78' lang='lat' dir='ltr'>absque</span> <span class='ocrx_word' id='word_1_67' title='bbox 1540 618 1736 674; x_wconf 91' lang='lat' dir='ltr'>scrupulo</span> <span class='ocrx_word' id='word_1_68' title='bbox 1768 620 1891 661; x_wconf 90' lang='lat' dir='ltr'>simo-</span> 
     </span>
     <span class='ocr_line' id='line_1_9' title="bbox 265 688 1893 747; baseline -0.002 -13"><span class='ocrx_word' id='word_1_69' title='bbox 265 694 406 734; x_wconf 87' lang='lat' dir='ltr'>niacae</span> <span class='ocrx_word' id='word_1_70' title='bbox 441 693 656 747; x_wconf 83' lang='lat' dir='ltr'>pravitatis</span> <span class='ocrx_word' id='word_1_71' title='bbox 681 693 742 742; x_wconf 83' lang='lat'>»):</span> <span class='ocrx_word' id='word_1_72' title='bbox 777 692 872 747; x_wconf 84' lang='lat' dir='ltr'>quia</span> <span class='ocrx_word' id='word_1_73' title='bbox 907 689 1025 732; x_wconf 89' lang='lat' dir='ltr'>nobis</span> <span class='ocrx_word' id='word_1_74' title='bbox 1061 689 1202 732; x_wconf 90' lang='lat' dir='ltr'>datum</span> <span class='ocrx_word' id='word_1_75' title='bbox 1242 694 1302 732; x_wconf 86' lang='lat' dir='ltr'>est</span> <span class='ocrx_word' id='word_1_76' title='bbox 1345 690 1396 732; x_wconf 91' lang='lat' dir='ltr'>de</span> <span class='ocrx_word' id='word_1_77' title='bbox 1440 689 1666 731; x_wconf 74' lang='lat' dir='ltr'>manifestis</span> <span class='ocrx_word' id='word_1_78' title='bbox 1700 688 1893 745; x_wconf 75' lang='lat' dir='ltr'>(proinde</span> 
     </span>
     <span class='ocr_line' id='line_1_10' title="bbox 265 759 1894 818; baseline -0.002 -13"><span class='ocrx_word' id='word_1_79' title='bbox 265 763 316 806; x_wconf 89' lang='lat' dir='ltr'>de</span> <span class='ocrx_word' id='word_1_80' title='bbox 350 761 549 818; x_wconf 84' lang='lat' dir='ltr'>externis)</span> <span class='ocrx_word' id='word_1_81' title='bbox 586 761 871 804; x_wconf 89' lang='lat' dir='ltr'>tantummodo</span> <span class='ocrx_word' id='word_1_82' title='bbox 906 760 1113 803; x_wconf 86' lang='lat' dir='ltr'>iudicare:</span> <span class='ocrx_word' id='word_1_83' title='bbox 1148 762 1180 803; x_wconf 91' lang='lat' dir='ltr'>si</span> <span class='ocrx_word' id='word_1_84' title='bbox 1216 765 1351 803; x_wconf 90' lang='lat' dir='ltr'>tamen</span> <span class='ocrx_word' id='word_1_85' title='bbox 1387 763 1419 802; x_wconf 91' lang='lat' dir='ltr'>is</span> <span class='ocrx_word' id='word_1_86' title='bbox 1452 762 1519 816; x_wconf 82' lang='lat' dir='ltr'>qui</span> <span class='ocrx_word' id='word_1_87' title='bbox 1555 759 1677 803; x_wconf 89' lang='lat' dir='ltr'>talem</span> <span class='ocrx_word' id='word_1_88' title='bbox 1712 759 1894 802; x_wconf 86' lang='lat' dir='ltr'>donatio·</span> 
     </span>
     <span class='ocr_line' id='line_1_11' title="bbox 267 830 1892 888; baseline -0.002 -12"><span class='ocrx_word' id='word_1_89' title='bbox 267 847 357 877; x_wconf 89' lang='lat' dir='ltr'>nem</span> <span class='ocrx_word' id='word_1_90' title='bbox 394 835 501 886; x_wconf 81' lang='lat' dir='ltr'>facit,</span> <span class='ocrx_word' id='word_1_91' title='bbox 535 846 581 876; x_wconf 89' lang='lat' dir='ltr'>ea</span> <span class='ocrx_word' id='word_1_92' title='bbox 617 835 841 875; x_wconf 88' lang='lat' dir='ltr'>intentione</span> <span class='ocrx_word' id='word_1_93' title='bbox 875 833 1066 882; x_wconf 77' lang='lat' dir='ltr'>ducatur,</span> <span class='ocrx_word' id='word_1_94' title='bbox 1102 837 1142 874; x_wconf 89' lang='lat' dir='ltr'>ut</span> <span class='ocrx_word' id='word_1_95' title='bbox 1179 846 1250 888; x_wconf 90' lang='lat' dir='ltr'>per</span> <span class='ocrx_word' id='word_1_96' title='bbox 1283 830 1525 888; x_wconf 85' lang='lat' dir='ltr'>temporalia</span> <span class='ocrx_word' id='word_1_97' title='bbox 1559 831 1664 875; x_wconf 90' lang='lat' dir='ltr'>bona</span> <span class='ocrx_word' id='word_1_98' title='bbox 1698 844 1804 888; x_wconf 84' lang='lat' dir='ltr'>quae</span> <span class='ocrx_word' id='word_1_99' title='bbox 1837 832 1892 873; x_wconf 83' lang='lat' dir='ltr'>ol-</span> 
     </span>
     <span class='ocr_line' id='line_1_12' title="bbox 266 901 1896 960; baseline -0.002 -13"><span class='ocrx_word' id='word_1_100' title='bbox 266 905 352 959; x_wconf 74' lang='lat' dir='ltr'>lcrt,</span> <span class='ocrx_word' id='word_1_101' title='bbox 387 904 615 960; x_wconf 75' lang='lat' dir='ltr'>spiritualia</span> <span class='ocrx_word' id='word_1_102' title='bbox 655 904 788 946; x_wconf 75' lang='lat' dir='ltr'>valeat</span> <span class='ocrx_word' id='word_1_103' title='bbox 821 903 1020 958; x_wconf 78' lang='lat' dir='ltr'>adipisci:</span> <span class='ocrx_word' id='word_1_104' title='bbox 1055 908 1094 945; x_wconf 91' lang='lat' dir='ltr'>et</span> <span class='ocrx_word' id='word_1_105' title='bbox 1127 902 1283 955; x_wconf 70' lang='lat' dir='ltr'>clerici,</span> <span class='ocrx_word' id='word_1_106' title='bbox 1317 905 1385 960; x_wconf 84' lang='lat' dir='ltr'>qui</span> <span class='ocrx_word' id='word_1_107' title='bbox 1421 916 1513 945; x_wconf 90' lang='lat' dir='ltr'>eum</span> <span class='ocrx_word' id='word_1_108' title='bbox 1552 905 1588 945; x_wconf 86' lang='lat' dir='ltr'>iu</span> <span class='ocrx_word' id='word_1_109' title='bbox 1626 904 1792 945; x_wconf 83' lang='lat' dir='ltr'>fratrem</span> <span class='ocrx_word' id='word_1_110' title='bbox 1829 901 1896 945; x_wconf 91' lang='lat' dir='ltr'>ad-</span> 
     </span>
     <span class='ocr_line' id='line_1_13' title="bbox 268 974 1894 1030; baseline -0.001 -12"><span class='ocrx_word' id='word_1_111' title='bbox 268 979 446 1030; x_wconf 69' lang='lat' dir='ltr'>mittunt,</span> <span class='ocrx_word' id='word_1_112' title='bbox 481 989 558 1018; x_wconf 89' lang='lat' dir='ltr'>non</span> <span class='ocrx_word' id='word_1_113' title='bbox 607 980 743 1018; x_wconf 86' lang='lat' dir='ltr'>essent</span> <span class='ocrx_word' id='word_1_114' title='bbox 793 988 903 1029; x_wconf 78' lang='lat' dir='ltr'>euin,</span> <span class='ocrx_word' id='word_1_115' title='bbox 938 977 1013 1017; x_wconf 85' lang='lat' dir='ltr'>nisi</span> <span class='ocrx_word' id='word_1_116' title='bbox 1064 974 1282 1017; x_wconf 83' lang='lat' dir='ltr'>commoda</span> <span class='ocrx_word' id='word_1_117' title='bbox 1332 974 1574 1030; x_wconf 86' lang='lat' dir='ltr'>temporalia</span> <span class='ocrx_word' id='word_1_118' title='bbox 1620 976 1894 1030; x_wconf 79' lang='lat' dir='ltr'>perciperent,</span> 
     </span>
     <span class='ocr_line' id='line_1_14' title="bbox 263 1044 1894 1102; baseline -0.002 -12"><span class='ocrx_word' id='word_1_119' title='bbox 263 1047 508 1090; x_wconf 82' lang='lat' dir='ltr'>admissuri:</span> <span class='ocrx_word' id='word_1_120' title='bbox 543 1049 631 1089; x_wconf 90' lang='lat' dir='ltr'>sine</span> <span class='ocrx_word' id='word_1_121' title='bbox 664 1045 790 1089; x_wconf 92' lang='lat' dir='ltr'>dubio</span> <span class='ocrx_word' id='word_1_122' title='bbox 825 1050 906 1088; x_wconf 86' lang='lat' dir='ltr'>tam</span> <span class='ocrx_word' id='word_1_123' title='bbox 942 1044 1009 1088; x_wconf 93' lang='lat' dir='ltr'>ille</span> <span class='ocrx_word' id='word_1_124' title='bbox 1043 1058 1166 1102; x_wconf 84' lang='lat' dir='ltr'>quam</span> <span class='ocrx_word' id='word_1_125' title='bbox 1205 1047 1266 1087; x_wconf 91' lang='lat' dir='ltr'>isti</span> <span class='ocrx_word' id='word_1_126' title='bbox 1302 1045 1410 1101; x_wconf 86' lang='lat' dir='ltr'>apud</span> <span class='ocrx_word' id='word_1_127' title='bbox 1445 1045 1677 1088; x_wconf 89' lang='lat' dir='ltr'>districtum</span> <span class='ocrx_word' id='word_1_128' title='bbox 1715 1045 1894 1087; x_wconf 89' lang='lat' dir='ltr'>iudicem</span> 
     </span>
     <span class='ocr_line' id='line_1_15' title="bbox 264 1114 1896 1175; baseline -0.002 -15"><span class='ocrx_word' id='word_1_129' title='bbox 264 1118 351 1175; x_wconf 80' lang='lat' dir='ltr'>(qui</span> <span class='ocrx_word' id='word_1_130' title='bbox 385 1123 590 1161; x_wconf 88' lang='lat' dir='ltr'>scrutator</span> <span class='ocrx_word' id='word_1_131' title='bbox 622 1123 679 1159; x_wconf 88' lang='lat' dir='ltr'>est</span> <span class='ocrx_word' id='word_1_132' title='bbox 715 1117 918 1171; x_wconf 82' lang='lat' dir='ltr'>cordium,</span> <span class='ocrx_word' id='word_1_133' title='bbox 944 1121 982 1159; x_wconf 89' lang='lat' dir='ltr'>et</span> <span class='ocrx_word' id='word_1_134' title='bbox 1016 1119 1205 1172; x_wconf 86' lang='lat' dir='ltr'>cognitor</span> <span class='ocrx_word' id='word_1_135' title='bbox 1237 1120 1511 1168; x_wconf 84' lang='lat' dir='ltr'>secretorum)</span> <span class='ocrx_word' id='word_1_136' title='bbox 1533 1114 1761 1172; x_wconf 74' lang='lat' dir='ltr'>culpabiles</span> <span class='ocrx_word' id='word_1_137' title='bbox 1795 1115 1896 1158; x_wconf 89' lang='lat' dir='ltr'>iudi-</span> 
     </span>
     <span class='ocr_line' id='line_1_16' title="bbox 266 1193 469 1231; baseline 0.005 -1"><span class='ocrx_word' id='word_1_138' title='bbox 266 1193 469 1231; x_wconf 83' lang='lat' dir='ltr'>cantur».</span> 
     </span>
    </p>

    <p class='ocr_par' dir='ltr' id='par_1_4' title="bbox 263 1258 1894 1447">
     <span class='ocr_line' id='line_1_17' title="bbox 385 1258 1893 1318; baseline 0 -17"><span class='ocrx_word' id='word_1_139' title='bbox 385 1259 581 1317; x_wconf 78' lang='lat' dir='ltr'>Denique,</span> <span class='ocrx_word' id='word_1_140' title='bbox 616 1263 710 1318; x_wconf 84' lang='lat' dir='ltr'>quia</span> <span class='ocrx_word' id='word_1_141' title='bbox 747 1274 795 1303; x_wconf 82' lang='lat' dir='ltr'>ex</span> <span class='ocrx_word' id='word_1_142' title='bbox 832 1260 953 1304; x_wconf 92' lang='lat' dir='ltr'>dictis</span> <span class='ocrx_word' id='word_1_143' title='bbox 999 1272 1127 1316; x_wconf 91' lang='lat' dir='ltr'>poena</span> <span class='ocrx_word' id='word_1_144' title='bbox 1173 1260 1412 1302; x_wconf 86' lang='lat' dir='ltr'>decernitur</span> <span class='ocrx_word' id='word_1_145' title='bbox 1447 1261 1595 1302; x_wconf 89' lang='lat' dir='ltr'>intuitu</span> <span class='ocrx_word' id='word_1_146' title='bbox 1630 1258 1893 1311; x_wconf 75' lang='lat' dir='ltr'>delictorum,</span> 
     </span>
     <span class='ocr_line' id='line_1_18' title="bbox 263 1329 1894 1388; baseline -0.001 -15"><span class='ocrx_word' id='word_1_147' title='bbox 263 1335 302 1373; x_wconf 90' lang='lat' dir='ltr'>et</span> <span class='ocrx_word' id='word_1_148' title='bbox 336 1330 436 1374; x_wconf 86' lang='lat' dir='ltr'>baec</span> <span class='ocrx_word' id='word_1_149' title='bbox 471 1331 525 1374; x_wconf 88' lang='lat' dir='ltr'>illi</span> <span class='ocrx_word' id='word_1_150' title='bbox 561 1331 802 1375; x_wconf 78' lang='lat' dir='ltr'>subeundae</span> <span class='ocrx_word' id='word_1_151' title='bbox 838 1333 1217 1388; x_wconf 80' lang='lat' dir='ltr'>praerequirautur‚</span> <span class='ocrx_word' id='word_1_152' title='bbox 1257 1329 1358 1372; x_wconf 65' lang='lat' dir='ltr'>Pars</span> <span class='ocrx_word' id='word_1_153' title='bbox 1390 1330 1531 1387; x_wconf 75' lang='lat' dir='ltr'>prima</span> <span class='ocrx_word' id='word_1_154' title='bbox 1564 1332 1718 1385; x_wconf 89' lang='lat' dir='ltr'>optime</span> <span class='ocrx_word' id='word_1_155' title='bbox 1754 1331 1894 1373; x_wconf 90' lang='lat' dir='ltr'>inscri-</span> 
     </span>
     <span class='ocr_line' id='line_1_19' title="bbox 269 1402 684 1447; baseline 0.005 -3"><span class='ocrx_word' id='word_1_156' title='bbox 269 1402 376 1445; x_wconf 87' lang='lat' dir='ltr'>bitur</span> <span class='ocrx_word' id='word_1_157' title='bbox 410 1402 474 1445; x_wconf 82' lang='lat' dir='ltr'>De</span> <span class='ocrx_word' id='word_1_158' title='bbox 506 1402 684 1447; x_wconf 67' lang='lat' dir='ltr'>delictis.</span> 
     </span>
    </p>

    <p class='ocr_par' dir='ltr' id='par_1_5' title="bbox 263 1472 1896 2379">
     <span class='ocr_line' id='line_1_20' title="bbox 383 1472 1894 1530; baseline 0 -14"><span class='ocrx_word' id='word_1_159' title='bbox 383 1473 420 1517; x_wconf 80' lang='lat'>4.</span> <span class='ocrx_word' id='word_1_160' title='bbox 459 1476 621 1520; x_wconf 74' lang='lat' dir='ltr'>Partis</span> <span class='ocrx_word' id='word_1_161' title='bbox 654 1477 701 1519; x_wconf 87' lang='lat' dir='ltr'>in</span> <span class='ocrx_word' id='word_1_162' title='bbox 733 1476 902 1520; x_wconf 82' lang='lat' dir='ltr'>titulos</span> <span class='ocrx_word' id='word_1_163' title='bbox 934 1477 1127 1520; x_wconf 86' lang='lat' dir='ltr'>divisio.</span> <span class='ocrx_word' id='word_1_164' title='bbox 1168 1500 1212 1505; x_wconf 89' lang='lat'><strong>—</strong></span> <span class='ocrx_word' id='word_1_165' title='bbox 1249 1474 1458 1530; x_wconf 84' lang='lat' dir='ltr'>Imprimis</span> <span class='ocrx_word' id='word_1_166' title='bbox 1492 1487 1563 1529; x_wconf 92' lang='lat' dir='ltr'>pro</span> <span class='ocrx_word' id='word_1_167' title='bbox 1587 1472 1750 1517; x_wconf 87' lang='lat' dir='ltr'>Codicis</span> <span class='ocrx_word' id='word_1_168' title='bbox 1782 1486 1894 1516; x_wconf 91' lang='lat' dir='ltr'>more</span> 
     </span>
     <span class='ocr_line' id='line_1_21' title="bbox 263 1543 1895 1601; baseline 0 -15"><span class='ocrx_word' id='word_1_169' title='bbox 263 1544 492 1587; x_wconf 80' lang='lat' dir='ltr'>afferuntur</span> <span class='ocrx_word' id='word_1_170' title='bbox 525 1545 663 1588; x_wconf 88' lang='lat' dir='ltr'>delicti</span> <span class='ocrx_word' id='word_1_171' title='bbox 698 1547 946 1601; x_wconf 79' lang='lat' dir='ltr'>significatio</span> <span class='ocrx_word' id='word_1_172' title='bbox 982 1551 1105 1601; x_wconf 81' lang='lat' dir='ltr'>atque</span> <span class='ocrx_word' id='word_1_173' title='bbox 1149 1545 1427 1599; x_wconf 71' lang='lat' dir='ltr'>diversitates,</span> <span class='ocrx_word' id='word_1_174' title='bbox 1471 1558 1541 1587; x_wconf 91' lang='lat' dir='ltr'>seu</span> <span class='ocrx_word' id='word_1_175' title='bbox 1579 1549 1619 1587; x_wconf 91' lang='lat' dir='ltr'>ut</span> <span class='ocrx_word' id='word_1_176' title='bbox 1655 1543 1895 1587; x_wconf 89' lang='lat' dir='ltr'>inscribitur</span> 
     </span>
     <span class='ocr_line' id='line_1_22' title="bbox 273 1615 1894 1673; baseline 0 -16"><span class='ocrx_word' id='word_1_177' title='bbox 273 1615 433 1658; x_wconf 69' lang='lat' dir='ltr'>Titulus</span> <span class='ocrx_word' id='word_1_178' title='bbox 470 1615 489 1658; x_wconf 90' lang='grc' dir='ltr'><em>Ι</em></span> <span class='ocrx_word' id='word_1_179' title='bbox 522 1641 573 1646; x_wconf 88' lang='grc'><strong>-</strong></span> <span class='ocrx_word' id='word_1_180' title='bbox 612 1615 668 1658; x_wconf 80' lang='lat' dir='ltr'>De</span> <span class='ocrx_word' id='word_1_181' title='bbox 700 1621 856 1658; x_wconf 28' lang='lat' dir='ltr'>&#39;aalma</span> <span class='ocrx_word' id='word_1_182' title='bbox 891 1615 1037 1659; x_wconf 70' lang='lat' dir='ltr'>delicti</span> <span class='ocrx_word' id='word_1_183' title='bbox 1069 1616 1240 1673; x_wconf 71' lang='lat' dir='ltr'>eiusque</span> <span class='ocrx_word' id='word_1_184' title='bbox 1277 1615 1495 1658; x_wconf 70' lang='lat' dir='ltr'>divisione.</span> <span class='ocrx_word' id='word_1_185' title='bbox 1539 1615 1672 1671; x_wconf 82' lang='lat' dir='ltr'>Supra</span> <span class='ocrx_word' id='word_1_186' title='bbox 1714 1616 1894 1658; x_wconf 82' lang='lat' dir='ltr'>vidimus</span> 
     </span>
     <span class='ocr_line' id='line_1_23' title="bbox 266 1686 1895 1743; baseline 0 -15"><span class='ocrx_word' id='word_1_187' title='bbox 266 1686 413 1729; x_wconf 89' lang='lat' dir='ltr'>delicta</span> <span class='ocrx_word' id='word_1_188' title='bbox 451 1687 656 1743; x_wconf 82' lang='lat' dir='ltr'>profluere</span> <span class='ocrx_word' id='word_1_189' title='bbox 689 1687 741 1730; x_wconf 91' lang='lat' dir='ltr'>ab</span> <span class='ocrx_word' id='word_1_190' title='bbox 772 1687 998 1731; x_wconf 89' lang='lat' dir='ltr'>deliberata</span> <span class='ocrx_word' id='word_1_191' title='bbox 1038 1687 1261 1738; x_wconf 62' lang='lat' dir='ltr'>voluntate,</span> <span class='ocrx_word' id='word_1_192' title='bbox 1285 1691 1451 1743; x_wconf 87' lang='lat' dir='ltr'>propter</span> <span class='ocrx_word' id='word_1_193' title='bbox 1475 1699 1597 1743; x_wconf 87' lang='lat' dir='ltr'>quam</span> <span class='ocrx_word' id='word_1_194' title='bbox 1633 1691 1727 1729; x_wconf 89' lang='lat' dir='ltr'>sunt</span> <span class='ocrx_word' id='word_1_195' title='bbox 1761 1688 1895 1742; x_wconf 89' lang='lat' dir='ltr'>impu-</span> 
     </span>
     <span class='ocr_line' id='line_1_24' title="bbox 266 1755 1895 1811; baseline -0.001 -12"><span class='ocrx_word' id='word_1_196' title='bbox 266 1756 418 1807; x_wconf 66' lang='lat' dir='ltr'>tabilia„</span> <span class='ocrx_word' id='word_1_197' title='bbox 455 1760 490 1799; x_wconf 92' lang='lat' dir='ltr'>in</span> <span class='ocrx_word' id='word_1_198' title='bbox 528 1757 636 1800; x_wconf 91' lang='lat' dir='ltr'>illam</span> <span class='ocrx_word' id='word_1_199' title='bbox 677 1772 774 1801; x_wconf 86' lang='lat' dir='ltr'>vero</span> <span class='ocrx_word' id='word_1_200' title='bbox 809 1758 963 1801; x_wconf 86' lang='lat' dir='ltr'>multae</span> <span class='ocrx_word' id='word_1_201' title='bbox 996 1771 1145 1801; x_wconf 87' lang='lat' dir='ltr'>causae</span> <span class='ocrx_word' id='word_1_202' title='bbox 1180 1758 1356 1800; x_wconf 82' lang='lat' dir='ltr'>influunt</span> <span class='ocrx_word' id='word_1_203' title='bbox 1390 1756 1507 1800; x_wconf 90' lang='lat' dir='ltr'>nobis</span> <span class='ocrx_word' id='word_1_204' title='bbox 1541 1771 1588 1799; x_wconf 87' lang='lat' dir='ltr'>ex</span> <span class='ocrx_word' id='word_1_205' title='bbox 1627 1756 1769 1799; x_wconf 90' lang='lat' dir='ltr'>morali</span> <span class='ocrx_word' id='word_1_206' title='bbox 1808 1755 1895 1811; x_wconf 81' lang='lat' dir='ltr'>phi-</span> 
     </span>
     <span class='ocr_line' id='line_1_25' title="bbox 266 1826 1894 1886; baseline -0.001 -16"><span class='ocrx_word' id='word_1_207' title='bbox 266 1828 449 1884; x_wconf 87' lang='lat' dir='ltr'>losophia</span> <span class='ocrx_word' id='word_1_208' title='bbox 497 1842 543 1872; x_wconf 91' lang='lat' dir='ltr'>ac</span> <span class='ocrx_word' id='word_1_209' title='bbox 593 1829 797 1885; x_wconf 84' lang='lat' dir='ltr'>theologia</span> <span class='ocrx_word' id='word_1_210' title='bbox 849 1832 1055 1885; x_wconf 77' lang='lat' dir='ltr'>cognitae,</span> <span class='ocrx_word' id='word_1_211' title='bbox 1089 1833 1213 1886; x_wconf 82' lang='lat' dir='ltr'>atque</span> <span class='ocrx_word' id='word_1_212' title='bbox 1248 1831 1285 1870; x_wconf 91' lang='lat' dir='ltr'>in</span> <span class='ocrx_word' id='word_1_213' title='bbox 1322 1831 1410 1871; x_wconf 89' lang='lat' dir='ltr'>iure</span> <span class='ocrx_word' id='word_1_214' title='bbox 1444 1828 1616 1871; x_wconf 80' lang='lat' dir='ltr'>effectus</span> <span class='ocrx_word' id='word_1_215' title='bbox 1649 1841 1696 1870; x_wconf 87' lang='lat' dir='ltr'>ex</span> <span class='ocrx_word' id='word_1_216' title='bbox 1733 1826 1894 1869; x_wconf 87' lang='lat' dir='ltr'>delictis</span> 
     </span>
     <span class='ocr_line' id='line_1_26' title="bbox 267 1898 1896 1955; baseline 0 -15"><span class='ocrx_word' id='word_1_217' title='bbox 267 1902 527 1955; x_wconf 80' lang='lat' dir='ltr'>proveniunt.</span> <span class='ocrx_word' id='word_1_218' title='bbox 566 1900 689 1942; x_wconf 86' lang='lat' dir='ltr'>Porro</span> <span class='ocrx_word' id='word_1_219' title='bbox 723 1899 824 1943; x_wconf 85' lang='lat' dir='ltr'>baec</span> <span class='ocrx_word' id='word_1_220' title='bbox 858 1902 994 1942; x_wconf 88' lang='lat' dir='ltr'>omnia</span> <span class='ocrx_word' id='word_1_221' title='bbox 1036 1899 1197 1942; x_wconf 75' lang='lat' dir='ltr'>Titulus</span> <span class='ocrx_word' id='word_1_222' title='bbox 1230 1898 1274 1942; x_wconf 91' lang='grc' dir='ltr'>ΙΙ</span> <span class='ocrx_word' id='word_1_223' title='bbox 1304 1899 1595 1955; x_wconf 77' lang='lat' dir='ltr'>complectitur</span> <span class='ocrx_word' id='word_1_224' title='bbox 1628 1898 1812 1941; x_wconf 85' lang='lat' dir='ltr'>eiusdem</span> <span class='ocrx_word' id='word_1_225' title='bbox 1841 1901 1896 1941; x_wconf 92' lang='lat' dir='ltr'>in-</span> 
     </span>
     <span class='ocr_line' id='line_1_27' title="bbox 263 1967 1895 2027; baseline 0 -17"><span class='ocrx_word' id='word_1_226' title='bbox 263 1971 499 2024; x_wconf 63' lang='lat' dir='ltr'>scriptione,</span> <span class='ocrx_word' id='word_1_227' title='bbox 544 1983 649 2026; x_wconf 80' lang='lat' dir='ltr'>quae</span> <span class='ocrx_word' id='word_1_228' title='bbox 691 1973 860 2027; x_wconf 85' lang='lat' dir='ltr'>antiquo</span> <span class='ocrx_word' id='word_1_229' title='bbox 904 1983 1018 2013; x_wconf 84' lang='lat' dir='ltr'>more</span> <span class='ocrx_word' id='word_1_230' title='bbox 1063 1969 1228 2013; x_wconf 83' lang='lat' dir='ltr'>rubrica</span> <span class='ocrx_word' id='word_1_231' title='bbox 1272 1970 1436 2013; x_wconf 88' lang='lat' dir='ltr'>dicitur.</span> <span class='ocrx_word' id='word_1_232' title='bbox 1482 1967 1538 2011; x_wconf 83' lang='lat' dir='ltr'>De</span> <span class='ocrx_word' id='word_1_233' title='bbox 1566 1967 1895 2026; x_wconf 58' lang='lat' dir='ltr'>imputabilitate</span> 
     </span>
     <span class='ocr_line' id='line_1_28' title="bbox 265 2038 1894 2098; baseline -0.001 -17"><span class='ocrx_word' id='word_1_234' title='bbox 265 2039 420 2093; x_wconf 67' lang='lat' dir='ltr'>delicti,</span> <span class='ocrx_word' id='word_1_235' title='bbox 456 2040 506 2082; x_wconf 82' lang='lat' dir='ltr'>(le</span> <span class='ocrx_word' id='word_1_236' title='bbox 538 2041 678 2083; x_wconf 67' lang='lat' dir='ltr'>causis</span> <span class='ocrx_word' id='word_1_237' title='bbox 713 2040 833 2083; x_wconf 75' lang='lat' dir='ltr'>illam</span> <span class='ocrx_word' id='word_1_238' title='bbox 867 2040 1197 2098; x_wconf 69' lang='lat' dir='ltr'>aqqracaemlibus</span> <span class='ocrx_word' id='word_1_239' title='bbox 1230 2039 1292 2082; x_wconf 69' lang='lat' dir='ltr'>rcel</span> <span class='ocrx_word' id='word_1_240' title='bbox 1325 2038 1621 2090; x_wconf 31' lang='lat' dir='ltr'>fnzsz&#39;nuentibus,</span> <span class='ocrx_word' id='word_1_241' title='bbox 1646 2044 1684 2081; x_wconf 82' lang='lat' dir='ltr'>et</span> <span class='ocrx_word' id='word_1_242' title='bbox 1715 2038 1766 2081; x_wconf 76' lang='lat' dir='ltr'>cle</span> <span class='ocrx_word' id='word_1_243' title='bbox 1788 2038 1894 2080; x_wconf 75' lang='lat' dir='ltr'>iuri-</span> 
     </span>
     <span class='ocr_line' id='line_1_29' title="bbox 265 2109 1895 2169; baseline 0 -17"><span class='ocrx_word' id='word_1_244' title='bbox 265 2110 370 2153; x_wconf 76' lang='lat' dir='ltr'>dicis</span> <span class='ocrx_word' id='word_1_245' title='bbox 389 2110 533 2153; x_wconf 70' lang='lat' dir='ltr'>delicti</span> <span class='ocrx_word' id='word_1_246' title='bbox 556 2111 778 2169; x_wconf 72' lang='lat' dir='ltr'>effectibus,</span> <span class='ocrx_word' id='word_1_247' title='bbox 805 2111 979 2154; x_wconf 83' lang='lat' dir='ltr'>Demum</span> <span class='ocrx_word' id='word_1_248' title='bbox 1006 2111 1166 2167; x_wconf 86' lang='lat' dir='ltr'>legibus</span> <span class='ocrx_word' id='word_1_249' title='bbox 1191 2114 1375 2154; x_wconf 80' lang='lat' dir='ltr'>noscitur</span> <span class='ocrx_word' id='word_1_250' title='bbox 1399 2110 1610 2153; x_wconf 87' lang='lat' dir='ltr'>delictum.</span> <span class='ocrx_word' id='word_1_251' title='bbox 1629 2122 1736 2166; x_wconf 85' lang='lat' dir='ltr'>quae</span> <span class='ocrx_word' id='word_1_252' title='bbox 1758 2109 1895 2165; x_wconf 88' lang='lat' dir='ltr'>plures</span> 
     </span>
     <span class='ocr_line' id='line_1_30' title="bbox 266 2180 1894 2238; baseline -0.002 -14"><span class='ocrx_word' id='word_1_253' title='bbox 266 2183 597 2224; x_wconf 80' lang='lat' dir='ltr'>circumstantias</span> <span class='ocrx_word' id='word_1_254' title='bbox 630 2183 679 2225; x_wconf 83' lang='lat' dir='ltr'>ad</span> <span class='ocrx_word' id='word_1_255' title='bbox 717 2182 814 2224; x_wconf 91' lang='lat' dir='ltr'>illud</span> <span class='ocrx_word' id='word_1_256' title='bbox 851 2184 1037 2238; x_wconf 70' lang='lat' dir='ltr'>exigunt,</span> <span class='ocrx_word' id='word_1_257' title='bbox 1072 2187 1111 2225; x_wconf 92' lang='lat' dir='ltr'>et</span> <span class='ocrx_word' id='word_1_258' title='bbox 1150 2182 1245 2225; x_wconf 86' lang='lat' dir='ltr'>binc</span> <span class='ocrx_word' id='word_1_259' title='bbox 1288 2183 1557 2238; x_wconf 75' lang='lat' dir='ltr'>consequitur</span> <span class='ocrx_word' id='word_1_260' title='bbox 1591 2185 1633 2223; x_wconf 92' lang='lat' dir='ltr'>ut</span> <span class='ocrx_word' id='word_1_261' title='bbox 1668 2191 1821 2235; x_wconf 71' lang='lat' dir='ltr'>pravus</span> <span class='ocrx_word' id='word_1_262' title='bbox 1855 2180 1894 2221; x_wconf 83' lang='lat' dir='ltr'>ti-</span> 
     </span>
     <span class='ocr_line' id='line_1_31' title="bbox 265 2250 1893 2309; baseline -0.001 -16"><span class='ocrx_word' id='word_1_263' title='bbox 265 2251 368 2294; x_wconf 85' lang='lat' dir='ltr'>delis</span> <span class='ocrx_word' id='word_1_264' title='bbox 402 2252 451 2294; x_wconf 84' lang='lat' dir='ltr'>ad</span> <span class='ocrx_word' id='word_1_265' title='bbox 486 2252 681 2295; x_wconf 88' lang='lat' dir='ltr'>delictum</span> <span class='ocrx_word' id='word_1_266' title='bbox 709 2254 880 2295; x_wconf 89' lang='lat' dir='ltr'>tendens</span> <span class='ocrx_word' id='word_1_267' title='bbox 905 2256 942 2295; x_wconf 82' lang='lat' dir='ltr'>iu</span> <span class='ocrx_word' id='word_1_268' title='bbox 971 2252 1132 2296; x_wconf 88' lang='lat' dir='ltr'>illarum</span> <span class='ocrx_word' id='word_1_269' title='bbox 1158 2253 1296 2309; x_wconf 84' lang='lat' dir='ltr'>aliqua</span> <span class='ocrx_word' id='word_1_270' title='bbox 1321 2252 1501 2305; x_wconf 74' lang='lat' dir='ltr'>deficiat,</span> <span class='ocrx_word' id='word_1_271' title='bbox 1525 2251 1634 2308; x_wconf 79' lang='lat' dir='ltr'>quod</span> <span class='ocrx_word' id='word_1_272' title='bbox 1660 2250 1893 2293; x_wconf 82' lang='lat' dir='ltr'>considerat</span> 
     </span>
     <span class='ocr_line' id='line_1_32' title="bbox 275 2320 1258 2379; baseline 0.002 -16"><span class='ocrx_word' id='word_1_273' title='bbox 275 2320 435 2364; x_wconf 71' lang='lat' dir='ltr'>Titulus</span> <span class='ocrx_word' id='word_1_274' title='bbox 470 2321 534 2365; x_wconf 90' lang='grc' dir='ltr'>ΙΙΙ</span> <span class='ocrx_word' id='word_1_275' title='bbox 565 2325 785 2379; x_wconf 87' lang='lat' dir='ltr'>inscriptus</span> <span class='ocrx_word' id='word_1_276' title='bbox 822 2322 879 2366; x_wconf 78' lang='lat' dir='ltr'>De</span> <span class='ocrx_word' id='word_1_277' title='bbox 913 2329 1065 2366; x_wconf 70' lang='lat' dir='ltr'>conatu</span> <span class='ocrx_word' id='word_1_278' title='bbox 1100 2323 1258 2365; x_wconf 75' lang='lat' dir='ltr'>delicti.</span> 
     </span>
    </p>

    <p class='ocr_par' dir='ltr' id='par_1_6' title="bbox 264 2389 1894 2720">
     <span class='ocr_line' id='line_1_33' title="bbox 386 2389 1892 2450; baseline -0.001 -16"><span class='ocrx_word' id='word_1_279' title='bbox 386 2393 425 2435; x_wconf 70' lang='grc' dir='ltr'>ὃ.</span> <span class='ocrx_word' id='word_1_280' title='bbox 460 2396 716 2450; x_wconf 72' lang='lat' dir='ltr'>Inscriptio</span> <span class='ocrx_word' id='word_1_281' title='bbox 749 2396 913 2439; x_wconf 85' lang='lat' dir='ltr'>Tituli.</span> <span class='ocrx_word' id='word_1_282' title='bbox 947 2419 1002 2423; x_wconf 90' lang='lat'>—</span> <span class='ocrx_word' id='word_1_283' title='bbox 1035 2394 1179 2436; x_wconf 74' lang='lat' dir='ltr'>Studio</span> <span class='ocrx_word' id='word_1_284' title='bbox 1214 2398 1351 2436; x_wconf 87' lang='lat' dir='ltr'>nostro</span> <span class='ocrx_word' id='word_1_285' title='bbox 1385 2406 1428 2435; x_wconf 87' lang='lat' dir='ltr'>se</span> <span class='ocrx_word' id='word_1_286' title='bbox 1461 2393 1581 2435; x_wconf 81' lang='lat' dir='ltr'>offert</span> <span class='ocrx_word' id='word_1_287' title='bbox 1612 2390 1772 2434; x_wconf 70' lang='lat' dir='ltr'>Titulus</span> <span class='ocrx_word' id='word_1_288' title='bbox 1796 2389 1818 2433; x_wconf 94' lang='grc' dir='ltr'><em>Ι</em></span> <span class='ocrx_word' id='word_1_289' title='bbox 1842 2390 1892 2433; x_wconf 89' lang='lat' dir='ltr'>ad</span> 
     </span>
     <span class='ocr_line' id='line_1_34' title="bbox 267 2451 1892 2518; baseline -0.001 -13"><span class='ocrx_word' id='word_1_290' title='bbox 267 2466 612 2506; x_wconf 81' lang='lat' dir='ltr'>introductionem</span> <span class='ocrx_word' id='word_1_291' title='bbox 647 2465 826 2507; x_wconf 77' lang='lat' dir='ltr'>edocens</span> <span class='ocrx_word' id='word_1_292' title='bbox 855 2464 911 2507; x_wconf 82' lang='lat' dir='ltr'>De</span> <span class='ocrx_word' id='word_1_293' title='bbox 941 2470 1098 2506; x_wconf 70' lang='lat' dir='ltr'>natura</span> <span class='ocrx_word' id='word_1_294' title='bbox 1133 2478 1204 2507; x_wconf 88' lang='lat' dir='ltr'>seu</span> <span class='ocrx_word' id='word_1_295' title='bbox 1239 2451 1455 2506; x_wconf 71' lang='lat' dir='ltr'>elementis</span> <span class='ocrx_word' id='word_1_296' title='bbox 1477 2462 1622 2505; x_wconf 75' lang='lat' dir='ltr'>delicti</span> <span class='ocrx_word' id='word_1_297' title='bbox 1645 2465 1754 2505; x_wconf 85' lang='lat' dir='ltr'>circa</span> <span class='ocrx_word' id='word_1_298' title='bbox 1784 2461 1892 2518; x_wconf 80' lang='lat' dir='ltr'>quod</span> 
     </span>
     <span class='ocr_line' id='line_1_35' title="bbox 264 2532 1894 2591; baseline -0.002 -14"><span class='ocrx_word' id='word_1_299' title='bbox 264 2547 444 2577; x_wconf 89' lang='lat' dir='ltr'>canones</span> <span class='ocrx_word' id='word_1_300' title='bbox 476 2534 552 2577; x_wconf 86' lang='lat' dir='ltr'>sul)</span> <span class='ocrx_word' id='word_1_301' title='bbox 586 2535 663 2578; x_wconf 82' lang='lat' dir='ltr'>lioc</span> <span class='ocrx_word' id='word_1_302' title='bbox 709 2535 827 2578; x_wconf 83' lang='lat' dir='ltr'>Libro</span> <span class='ocrx_word' id='word_1_303' title='bbox 865 2535 1164 2591; x_wconf 71' lang='lat' dir='ltr'>praescribunt,</span> <span class='ocrx_word' id='word_1_304' title='bbox 1199 2536 1370 2591; x_wconf 76' lang='lat' dir='ltr'>eiusque</span> <span class='ocrx_word' id='word_1_305' title='bbox 1407 2534 1635 2577; x_wconf 82' lang='lat' dir='ltr'>«delicti»</span> <span class='ocrx_word' id='word_1_306' title='bbox 1674 2532 1894 2580; x_wconf 67' lang='lat' dir='ltr'>divisione,</span> 
     </span>
     <span class='ocr_line' id='line_1_36' title="bbox 267 2603 1893 2663; baseline -0.001 -16"><span class='ocrx_word' id='word_1_307' title='bbox 267 2609 308 2647; x_wconf 89' lang='lat' dir='ltr'>ut</span> <span class='ocrx_word' id='word_1_308' title='bbox 345 2604 595 2658; x_wconf 83' lang='lat' dir='ltr'>videbimus,</span> <span class='ocrx_word' id='word_1_309' title='bbox 630 2610 762 2659; x_wconf 36' lang='lat' dir='ltr'>unii-fa,</span> <span class='ocrx_word' id='word_1_310' title='bbox 797 2619 902 2663; x_wconf 80' lang='lat' dir='ltr'>quae</span> <span class='ocrx_word' id='word_1_311' title='bbox 937 2607 987 2649; x_wconf 84' lang='lat' dir='ltr'>ab</span> <span class='ocrx_word' id='word_1_312' title='bbox 1021 2606 1207 2649; x_wconf 85' lang='lat' dir='ltr'>eiusdem</span> <span class='ocrx_word' id='word_1_313' title='bbox 1244 2608 1480 2661; x_wconf 75' lang='lat' dir='ltr'>cognitione</span> <span class='ocrx_word' id='word_1_314' title='bbox 1516 2619 1587 2661; x_wconf 86' lang='lat' dir='ltr'>per</span> <span class='ocrx_word' id='word_1_315' title='bbox 1620 2604 1721 2647; x_wconf 88' lang='lat' dir='ltr'>alios</span> <span class='ocrx_word' id='word_1_316' title='bbox 1755 2603 1893 2647; x_wconf 87' lang='lat' dir='ltr'>habita</span> 
     </span>
     <span class='ocr_line' id='line_1_37' title="bbox 266 2676 511 2720; baseline 0.004 -2"><span class='ocrx_word' id='word_1_317' title='bbox 266 2676 511 2720; x_wconf 87' lang='lat' dir='ltr'>desumitur.</span> 
     </span>
    </p>

    <p class='ocr_par' dir='ltr' id='par_1_7' title="bbox 265 2745 1895 2945">
     <span class='ocr_line' id='line_1_38' title="bbox 386 2745 1895 2800; baseline -0.002 -9"><span class='ocrx_word' id='word_1_318' title='bbox 386 2748 423 2791; x_wconf 82' lang='grc'>6.</span> <span class='ocrx_word' id='word_1_319' title='bbox 460 2747 711 2793; x_wconf 78' lang='lat' dir='ltr'>Canonum</span> <span class='ocrx_word' id='word_1_320' title='bbox 746 2751 868 2794; x_wconf 81' lang='lat' dir='ltr'>ordo</span> <span class='ocrx_word' id='word_1_321' title='bbox 904 2748 1064 2790; x_wconf 82' lang='lat' dir='ltr'>lucidus</span> <span class='ocrx_word' id='word_1_322' title='bbox 1098 2753 1172 2800; x_wconf 80' lang='lat' dir='ltr'>est,</span> <span class='ocrx_word' id='word_1_323' title='bbox 1207 2761 1298 2791; x_wconf 90' lang='lat' dir='ltr'>nam</span> <span class='ocrx_word' id='word_1_324' title='bbox 1339 2748 1462 2791; x_wconf 89' lang='lat' dir='ltr'>dante</span> <span class='ocrx_word' id='word_1_325' title='bbox 1501 2752 1608 2790; x_wconf 71' lang='lat' dir='ltr'>can0.</span> <span class='ocrx_word' id='word_1_326' title='bbox 1634 2747 1746 2789; x_wconf 65' lang='lat'>2195·</span> <span class='ocrx_word' id='word_1_327' title='bbox 1787 2745 1895 2788; x_wconf 87' lang='lat' dir='ltr'>illius</span> 
     </span>
     <span class='ocr_line' id='line_1_39' title="bbox 271 2816 1893 2875; baseline -0.001 -15"><span class='ocrx_word' id='word_1_328' title='bbox 271 2816 383 2860; x_wconf 78' lang='lat' dir='ltr'>verbi</span> <span class='ocrx_word' id='word_1_329' title='bbox 408 2819 769 2873; x_wconf 69' lang='lat' dir='ltr'>significationem,</span> <span class='ocrx_word' id='word_1_330' title='bbox 789 2824 911 2875; x_wconf 79' lang='lat' dir='ltr'>atque</span> <span class='ocrx_word' id='word_1_331' title='bbox 937 2822 1285 2875; x_wconf 81' lang='lat' dir='ltr'>praescriptorum</span> <span class='ocrx_word' id='word_1_332' title='bbox 1310 2821 1419 2862; x_wconf 88' lang='lat' dir='ltr'>circa</span> <span class='ocrx_word' id='word_1_333' title='bbox 1440 2818 1589 2861; x_wconf 88' lang='lat' dir='ltr'>delicta</span> <span class='ocrx_word' id='word_1_334' title='bbox 1609 2820 1893 2860; x_wconf 86' lang='lat' dir='ltr'>extensionem</span> 
     </span>
     <span class='ocr_line' id='line_1_40' title="bbox 265 2887 1892 2945; baseline -0.001 -15"><span class='ocrx_word' id='word_1_335' title='bbox 265 2887 315 2931; x_wconf 90' lang='lat' dir='ltr'>ad</span> <span class='ocrx_word' id='word_1_336' title='bbox 341 2887 441 2930; x_wconf 90' lang='lat' dir='ltr'>alias</span> <span class='ocrx_word' id='word_1_337' title='bbox 465 2891 825 2944; x_wconf 73' lang='lat' dir='ltr'>transgressiones,</span> <span class='ocrx_word' id='word_1_338' title='bbox 845 2894 1076 2945; x_wconf 80' lang='lat' dir='ltr'>sequuntur</span> <span class='ocrx_word' id='word_1_339' title='bbox 1101 2889 1346 2932; x_wconf 87' lang='lat' dir='ltr'>delictorum</span> <span class='ocrx_word' id='word_1_340' title='bbox 1372 2889 1668 2939; x_wconf 86' lang='lat' dir='ltr'>distinctiones,</span> <span class='ocrx_word' id='word_1_341' title='bbox 1688 2887 1892 2945; x_wconf 85' lang='lat' dir='ltr'>quaedam</span> 
     </span>
    </p>
   </div>
  </div>
 </body>
</html>
