1981 3182
213 151 284 185 ‘298
588 151 657 184 L1B
688 151 733 185 V.
756 172 767 176 -
789 151 897 185 PARs
917 151 987 185 III.
1010 171 1021 177 -
1041 152 1097 186 De
1114 155 1246 196 poenis
1266 127 1307 186 in
1325 152 1465 186 delicta
1518 151 1610 187 Can.
1638 152 1841 187 2381-233‘.)

334 269 716 324 lnterpretationem
738 269 874 312 datam
900 270 1142 313 corroborat
1167 270 1177 291 ¹
1203 286 1224 309 «
1244 269 1452 313 Resolutio
1475 270 1570 313 data
1589 270 1655 313 die
1676 271 1727 314 10
1752 270 1841 314 Iulii

218 341 325 383 1920
362 342 593 396 propositis,
638 341 674 381 in
726 339 921 395 plenariis
954 341 991 384 S.
1026 339 1193 396 Congius
1225 339 1411 394 Concilii,
1457 342 1728 398 infrascriptis
1771 342 1843 385 du-

215 411 305 465 biis,
339 412 607 455 nimirum
644 409 689 452 ll.
724 409 869 454 Utrum
916 409 1079 455 Codicis
1124 424 1254 454 canon
1299 411 1405 454 2381
1455 416 1601 468 urgeat
1644 414 1766 455 etiam
1804 414 1841 455 in

212 495 308 525 casu
344 495 422 524 non
458 481 719 535 residentiae,
756 494 832 523 uon
870 485 1056 537 graviter
1089 481 1320 538 culpabilis,
1357 481 1422 525 vel
1458 481 1728 525 materialiter
1760 487 1843 526 tan·

212 557 312 607 tum,
347 565 425 595 non
461 551 701 596 formaliter.
737 552 954 608 culpabilis
986 566 1033 596 ac
1068 554 1266 597 notoriae.
1304 578 1354 583 —
1392 552 1454 595 ΙΙΙ.
1475 552 1636 607 Utrum,
1671 558 1760 608 post
1786 556 1844 595 vi-

212 627 374 678 gentem
411 634 610 666 canonem
638 622 763 666 2381.
790 622 1083 681 Beneficiarius
1111 623 1172 666 vet
1199 623 1432 666 Canonicus
1458 622 1673 679 illegitime
1697 622 1845 667 absens

213 695 392 736 retinere
427 696 552 750 possit
585 696 741 736 tructus
775 694 1070 750 respondentes
1106 696 1293 749 privatae
1335 695 1568 737 recitationi
1602 690 1740 738 Officii
1785 694 1845 737 di-

216 766 312 808 xini.
349 789 400 794 —
437 762 501 806 tv.
537 763 697 818 Utrum,
730 777 778 807 ex
815 763 1016 808 fructibus
1051 763 1312 820 praebendae
1344 763 1481 807 adhuc
1518 776 1742 820 possessae,
1766 763 1843 807 sal·
1908 768 1909 771 ’

216 835 349 878 tanda
382 837 433 878 sit
466 839 506 877 et
538 847 559 877 a
595 848 829 891 possessore
865 835 979 892 (licet
1013 834 1226 891 illegitime
1257 833 1445 891 absente)
1472 834 1687 878 retinenda
1714 837 1845 890 portio

213 906 416 963 quaedam
452 905 503 949 ab
537 904 761 950 Ordinario
795 905 1049 962 designanda
1074 911 1112 948 et
1146 906 1195 948 ad
1236 908 1362 961 ipsius
1388 905 1656 961 praebendati
1691 910 1847 948 susten-

215 980 408 1020 tationem
444 977 667 1020 sussiciens.
700 1002 757 1007 —
793 975 835 1021 V.
870 976 1032 1026 Utrum,
1066 979 1233 1019 attentis
1271 975 1539 1020 Fabricarum
1594 976 1845 1032 indigentiis,

215 1051 369 1104 possint
402 1053 551 1091 statuta
587 1047 831 1104 capitularia
864 1060 957 1090 cum
984 1044 1195 1091 Ordinarii
1231 1046 1532 1103 approbatione
1555 1051 1737 1089 statuere
1763 1047 1845 1089 tru-

213 1124 303 1163 ctus
335 1122 508 1162 amissos
542 1132 629 1162 esse
664 1117 861 1162 Fabricae
886 1118 1087 1161 ecclesiae
1114 1118 1336 1161 tradendos
1363 1120 1399 1160 in
1426 1122 1509 1161 toto
1537 1117 1599 1160 vel
1626 1119 1663 1160 in
1687 1121 1844 1173 parte...

215 1217 267 1221 —
307 1189 384 1232 Vll.
421 1189 564 1234 Utrum
601 1189 815 1246 illegitime
859 1188 1007 1232 absens
1051 1194 1238 1232 teneatur
1287 1190 1445 1232 fructus
1490 1190 1707 1232 restituere
1751 1193 1845 1232 ante

213 1264 456 1304 sententiam
493 1261 824 1305 declaratoriam.

331 1331 419 1375 Emi
444 1332 582 1375 Patres
616 1332 951 1388 respondendum
977 1344 1177 1374 censuere
1277 1331 1338 1374 Ad
1364 1330 1410 1373 ll.
1436 1330 1713 1385 Affirmative,
1731 1330 1846 1373 dum-

216 1404 336 1447 modo
361 1418 411 1446 ne
434 1409 685 1447 concurrant
708 1416 857 1447 causae
877 1408 1123 1446 excusantes
1148 1405 1260 1446 iuxta
1286 1415 1376 1445 can.
1392 1401 1604 1454 4⁶20,421,
1627 1400 1687 1443 vel
1712 1400 1847 1443 Ponti-

214 1476 353 1519 ticium
391 1474 609 1518 indultum.
643 1500 700 1505 -—
733 1474 793 1517 Ad
832 1473 895 1516 lll.
930 1473 1146 1530 Negative.
1179 1500 1230 1504 —
1265 1474 1327 1517 Ad
1363 1471 1429 1515 lV.
1464 1471 1680 1527 Negative.
1703 1497 1754 1502 ——
1783 1471 1843 1515 Ad

218 1545 259 1589 V,
294 1546 493 1589 Standum
529 1545 785 1602 dispositioni
821 1557 909 1588 can.
951 1545 1073 1599 1475,
1109 1547 1133 1598 ξ
1169 1545 1182 1587 1
1225 1549 1263 1587 et
1298 1543 1456 1588 ζ2381...
1493 1568 1545 1573 -
1580 1541 1641 1585 Ad
1673 1541 1751 1585 Vll.
1777 1542 1849 1585 Af-

214 1618 422 1660 lirmatire
446 1633 484 1659 ›).

335 1688 499 1731 Praeter
534 1700 705 1743 poenam
743 1687 868 1742 illam,
904 1686 947 1729 ⁶2⁰
971 1686 1135 1744 Officio,
1169 1686 1376 1743 beneficio,
1410 1685 1621 1743 diynitate
1638 1685 1845 1743 privetur,

215 1772 343 1816 poena
379 1765 438 1802 est
472 1759 667 1801 ferendae
699 1760 927 1801 sententiae
960 1764 1021 1801 ast
1053 1758 1328 1801 determinata
1364 1757 1472 1814 (can.
1509 1756 1636 1811 2217,
1670 1758 1694 1810 g
1729 1755 1768 1809 1,
1804 1754 1845 1797 1⁰

215 1830 277 1887 2⁰)
311 1835 435 1888 atque
470 1831 747 1886 praeceptivis
783 1828 920 1872 verbis
954 1841 1146 1884 expressa
1184 1828 1292 1885 (can.
1329 1828 1458 1880 2223,
1480 1827 1508 1885 ξ
1532 1827 1585 1881 3),
1621 1825 1846 1883 infligenda

217 1915 315 1944 vero
349 1900 404 1943 ml
436 1914 624 1943 morinum
675 1914 765 1942 cari.
798 1902 1071 1943 ems-9175.
1121 1899 1309 1943 Scilicet:
1347 1901 1384 1941 iu
1419 1897 1553 1941 Titulo
1589 1896 1704 1940 XXX
1743 1912 1762 1937 ((
1786 1895 1845 1939 De

216 1972 337 2015 modo
373 1972 622 2028 procedendi
658 1976 800 2015 contra
836 1970 1010 2014 clericos
1042 1983 1121 2012 non
1158 1970 1427 2013 residentes»
1466 1969 1577 2012 Libri
1614 1966 1677 2011 tv.

334 2044 430 2087 Υ225.
467 2044 652 2089 Contra
699 2044 968 2100 parochum
1017 2043 1239 2099 graviter
1286 2043 1635 2098 negligentem.
1680 2065 1731 2069 —
1781 2038 1847 2082 Se·

214 2119 387 2172 quentes
420 2114 502 2157 duo
535 2126 714 2157 canones
748 2114 798 2156 de
833 2112 1106 2169 parochorum
1152 2111 1474 2168 obligationibus
1514 2110 1711 2167 urgendis
1752 2114 1845 2153 sunt

214 2185 377 2228 solliciti
397 2187 469 2239 sic,
489 2190 530 2227 ut
550 2184 653 2227 alter
671 2184 803 2227 solum
826 2185 1018 2241 loquatur
1036 2184 1086 2225 de
1107 2183 1221 2226 libris
1240 2182 1561 2239 parochialibus
1586 2180 1684 2225 Can.
1704 2182 1842 2224 2382.

216 2257 261 2299 Si
291 2255 518 2314 parochus,
551 2258 616 2299 cui
656 2272 678 2296 «
700 2258 915 2312 aequipar
904 2260 1052 2297 a·..ntui
1060 2253 1231 2308 (itii)
1266 2256 1399 2310 quasi·
1410 2252 1591 2310 parochi,
1626 2256 1665 2294 et
1699 2253 1843 2294 xicarii

216 2326 482 2383 paroeciales,
516 2329 547 2369 si
583 2326 702 2383 plena
739 2330 937 2381 potestate
972 2290 1192 2381 paroeciali
1227 2327 1305 2367 sint
1351 2324 1565 2380 praediti»
1603 2323 1711 2380 (can.
1747 2322 1844 2365 451

214 2397 318 2455 5³3),
352 2400 383 2440 si
419 2411 518 2453 ergo
552 2410 694 2440 eorum
729 2396 878 2454 aliquis
901 2395 1145 2453 (notandum
1185 2394 1377 2450 terbum)
1399 2395 1593 2452 qratiler
1612 2392 1844 2449 rzeyleoeem!

214 2471 252 2523 a)
272 2469 637 2511 SamUamentommz
659 2467 1088 2520 ‹ulnis-'mstoattonem,
1113 2466 1174 2509 vel
1205 2465 1438 2508 «tidelibus
1459 2465 1680 2521 legitime»
1705 2468 1842 2520 peten-

216 2539 336 2592 tibus,
376 2538 436 2581 rel
476 2538 694 2581 «sollicite
728 2538 861 2594 quoad
897 2542 1089 2593 aegrotos
1124 2539 1160 2578 iu
1196 2548 1267 2579 sua
1295 2537 1501 2591 paroecia,
1527 2536 1708 2577 maxime
1747 2546 1843 2576 vero

216 2612 335 2652 morti
373 2611 583 2665 proximos
606 2625 626 2648 »
656 2608 764 2663 (can.
792 2608 890 2662 467,
924 2610 949 2661 ἓ
988 2608 1018 2652 l,
1046 2606 1142 2659 468,
1177 2609 1201 2660 §J
1225 2610 1278 2659 l),
1305 2605 1346 2662 b)
1371 2605 1634 2661 infirmorum
1661 2609 1701 2647 ut
1725 2608 1842 2646 antea

214 2679 500 2722 assistentiam
536 2679 585 2721 ad
622 2691 807 2721 normam
843 2680 909 2721 cit.
945 2690 1036 2721 can.
1071 2677 1169 2729 4⁴58,
1204 2677 1244 2733 c)
1275 2689 1501 2734 puerorum
1534 2674 1764 2733 populique
1786 2674 1845 2716 in-

213 2750 476 2792 stitutionem
510 2752 620 2792 iuxta
655 2762 744 2792 cau.
784 2748 1046 2797 1330-13302,
1081 2748 1126 2792 dl
1160 2747 1397 2790 concionem
1440 2745 1583 2789 diebus
1622 2744 1843 2787 domim'eis

337 2903 347 2923 ²
377 2902 409 2936 S.
440 2902 479 2936 C.
508 2901 547 2935 C.
575 2901 762 2934 Toletana
790 2906 828 2934 et
855 2901 1032 2934 aliarum.
1062 2900 1105 2933 10
1132 2899 1205 2935 Iul.
1236 2899 1338 2932 1320.
1369 2897 1444 2932 CO.
1476 2897 1567 2940 XII,
1596 2898 1676 2931 364.
