1981 3182
251 103 319 136 150
712 103 796 137 Lm.
825 103 871 137 V.
902 123 913 128 -
941 103 1050 138 PAns
1077 104 1127 138 II.
1158 125 1170 130 -
1196 105 1253 140 De
1273 103 1435 150 poenis*
1667 106 1759 142 Can.
1786 107 1880 143 ‘2271

249 222 441 269 exclusis,
467 221 683 265 Missarum
717 222 915 266 solemnia
951 223 1163 280 celebrare
1196 236 1319 267 causa
1353 225 1600 268 conficiendi
1632 239 1783 282 corpus
1807 226 1879 270 Do·

250 296 362 345 mini,
398 294 506 351 quod
553 293 853 337 decedentibus
898 297 934 336 in
982 297 1230 351 poenitentia
1281 308 1358 337 non
1410 300 1645 352 negatur».
1679 296 1765 340 lmo
1803 311 1878 342 nec

245 367 369 418 sanis,
401 366 588 421 sequitur
621 366 727 408 enim
766 367 802 406 in
838 378 1018 408 canone:
1063 365 1382 409 administratio
1416 367 1452 421 c)
1485 365 1752 424 baptismatis
1785 371 1874 425 qui-

247 434 438 489 buslibet,
481 435 552 478 sed
603 437 807 478 omittitur
856 436 1115 479 confirmatio
1164 448 1358 492 expressa
1404 439 1442 479 in
1487 449 1575 493 cap.
1611 438 1663 480 42
1707 441 1774 482 cit.
1815 442 1874 483 tit.

246 505 407 563 (V,39)
432 505 489 550 X:
519 506 694 562 «Super
728 519 808 563 quo
844 507 1157 563 respondemus,
1192 507 1300 564 quod
1336 509 1441 550 sicut
1476 507 1672 564 baptizari
1707 514 1875 565 possunt

245 579 361 633 pueri
397 578 505 628 (cum
545 576 704 620 Ferrar.
723 579 871 621 civitas
903 579 953 620 sit
988 578 1208 621 interdicto
1241 577 1487 635 supposita),
1520 581 1579 622 sic
1611 583 1651 622 et
1683 579 1875 636 baptizati

241 649 291 691 ad
327 648 685 691 confirmationem
722 651 759 691 in
795 648 998 692 frontibus
1029 662 1050 691 a
1085 653 1123 692 te
1158 653 1326 705 possunt
1360 661 1478 692 sacro
1510 648 1734 693 chrismate
1773 650 1875 694 deli—

242 721 320 762 uiri
344 735 384 773 )>,
418 732 439 762 e
472 732 672 762 converso
710 719 878 762 additur
911 719 953 775 dl
986 718 1307 773 Eucharistiae,
1339 732 1445 776 quae
1490 719 1593 763 bene
1639 720 1872 765 valentibus

241 791 511 845 ministratur,
552 790 591 845 e)
633 789 935 846 poenitentiae,
973 790 1202 833 secundum
1252 789 1377 833 verba
1425 790 1556 834 Bonif.
1599 789 1683 833 Vlll
1725 793 1870 846 (coust.

244 876 263 901 a
287 860 406 904 Alma
442 866 574 903 mater
597 865 660 915 »):
701 876 722 900 a
745 861 1027 915 concedimus,
1051 862 1161 918 quod
1187 866 1374 917 tempore
1398 861 1606 904 interdicti
1629 860 1681 905 ab
1703 861 1870 906 homine

241 931 302 974 vel
338 944 360 975 a
394 934 483 975 iure
518 931 678 987 prolati,
700 944 779 974 non
815 931 1104 975 tantummodo
1141 934 1373 975 morientes.
1398 931 1468 975 sed
1503 934 1626 975 etiam
1664 934 1869 987 viventes,

233 1007 318 1045 tam
353 1005 440 1046 sani
476 1005 599 1045 etiam
634 1015 758 1060 quam
795 1003 961 1047 infirmi,
996 1002 1051 1045 ad·
1081 1005 1374 1059 poenitentiam
1413 1002 1538 1060 (quae
1572 1008 1740 1060 propter
1775 1018 1866 1060 pro-

233 1076 404 1117 nitatem
439 1079 477 1116 et
511 1073 747 1117 facilitatem
796 1073 1008 1116 bominum
1044 1074 1092 1116 ad
1131 1074 1386 1130 peccandum
1430 1087 1593 1117 summe
1633 1077 1865 1118 necessaria

233 1144 311 1202 est)
347 1144 455 1187 licite
489 1145 829 1189 admittantui·:...
864 1144 948 1188 Nec
982 1149 1078 1188 tunc
1112 1147 1235 1187 etiam
1271 1158 1351 1202 quo
1374 1145 1424 1187 ad
1451 1147 1547 1188 istos
1574 1145 1635 1188 vel
1661 1145 1763 1189 alios
1795 1148 1865 1203 qui

230 1218 340 1259 circa
376 1217 643 1259 interdictum
679 1218 848 1259 minime
881 1215 1146 1272 deliquerunt
1181 1214 1268 1272 (ubi
1303 1217 1462 1265 civitas,
1499 1215 1564 1258 vel
1600 1215 1713 1259 locus
1746 1215 1862 1261 aliuS.

227 1301 300 1330 seu
336 1289 588 1330 universitas
621 1287 829 1330 interdicti
865 1285 1065 1343 existunt)
1091 1286 1278 1329 facienda
1314 1291 1371 1329 est
1408 1286 1606 1330 relaxatio
1641 1287 1863 1343 interdicti,

227 1358 299 1401 sed
334 1363 394 1401 est
427 1361 486 1401 eis
519 1358 780 1401 solummodo
816 1357 1067 1414 iniungenda
1109 1359 1359 1413 poenitentia
1403 1357 1657 1402 salutaris».
1693 1357 1863 1414 Propter

227 1434 417 1473 naturam
453 1433 489 1472 et
526 1431 811 1472 necessitatem
838 1430 1346 1472 contractus-sacramenti
1370 1444 1390 1469 ((
1416 1430 1709 1484 permittitur»
1737 1431 1860 1472 etiam

225 1502 313 1543 sine
348 1500 592 1542 limitatione
627 1499 662 1556 f)
697 1499 944 1541 assistentia
979 1499 1027 1541 ad
1067 1498 1321 1541 validitatem
1366 1500 1599 1541 necessaria
1642 1499 1858 1543 niatrinio-

225 1571 324 1624 niis,
355 1571 425 1614 sed
461 1570 630 1613 eoeclasa
665 1570 950 1613 benedictione
982 1569 1182 1627 nuptiali,
1217 1572 1339 1612 etiam
1374 1582 1481 1626 quae
1525 1569 1634 1613 licita
1679 1576 1783 1613 esset
1820 1573 1857 1613 in

229 1647 461 1698 «tempore
494 1655 573 1684 non
608 1642 752 1684 feriato
777 1658 795 1682 ›)
836 1642 944 1697 (can.
967 1641 1094 1691 1101,
1117 1640 1144 1697 ξ
1171 1639 1225 1697 1),
1261 1645 1402 1696 utpote
1435 1652 1541 1697 quae
1575 1653 1653 1682 non
1689 1646 1747 1683 est
1781 1641 1858 1685 sub

223 1714 343 1770 gravi
380 1714 645 1769 praescripta.
681 1737 738 1742 ——
771 1712 908 1754 lnnoc.
933 1711 980 1753 lll
1016 1711 1243 1755 declaravit
1279 1713 1401 1753 etiam
1429 1710 1465 1754 ¹:
1506 1727 1527 1750 a
1551 1713 1589 1752 111
1625 1710 1692 1753 1110
1729 1710 1857 1754 vei-bo

224 1798 296 1841 per
328 1784 438 1842 quod
490 1786 737 1839 poenitentia
790 1782 1062 1825 morientibus
1111 1795 1187 1824 non
1234 1794 1448 1837 negamus,
1484 1783 1680 1824 viaticum
1715 1784 1855 1837 etiam,

221 1856 331 1913 quod
369 1868 466 1898 vere
501 1854 806 1911 poenitentibus
839 1853 1073 1908 exhibetur,
1099 1852 1270 1908 intelligi
1308 1852 1513 1907 volumus,
1534 1857 1574 1895 ut
1610 1865 1685 1895 nec
1719 1854 1852 1909 ipsum

220 1925 519 1970 decedentibus
552 1926 794 1981 denegetur.
831 1924 939 1968 Licet
974 1929 1111 1967 autem
1148 1937 1220 1978 per
1253 1922 1448 1979 generale
1482 1923 1748 1966 interdictum
1782 1924 1853 1966 de·

219 2002 394 2053 negetur
427 1996 619 2039 omnibus
653 2001 734 2039 tam
771 1998 922 2049 unctio,
958 2007 1081 2052 quam
1115 1994 1395 2037 ecclesiastica
1429 1994 1664 2050 sepultura:
1705 2007 1851 2037 conce-

218 2069 356 2119 dimus
387 2073 524 2111 tamen
560 2081 608 2110 ex
643 2070 790 2123 gratia,
825 2073 865 2109 ut
900 2066 1040 2109 clerici
1074 2065 1337 2120 decedentes,
1373 2067 1440 2122 qui
1476 2070 1612 2108 tamen
1652 2078 1849 2108 servave-

218 2142 299 2182 rint
333 2139 614 2193 interdictum,
650 2141 686 2181 in
722 2140 972 2181 coemeterio
1007 2136 1221 2190 ecclesiae,
1255 2138 1342 2179 sine
1376 2148 1673 2192 campanarum
1714 2135 1848 2192 pulsa-

216 2212 341 2264 tione,
364 2208 621 2253 cessantibus
653 2208 985 2252 solemnitatibus
1008 2206 1200 2250 omnibus
1222 2220 1316 2249 cum
1341 2206 1503 2249 silentio
1527 2205 1847 2249 tumulentur».

218 2280 327 2324 Haec
361 2283 573 2323 concessio
607 2280 786 2335 amplius
821 2281 1004 2335 mitigata
1030 2278 1079 2321 ad
1105 2291 1247 2320 onmes
1281 2277 1424 2320 iideles
1457 2277 1695 2320 extenditur
1719 2279 1756 2319 in
1782 2289 1846 2320 ca-

215 2365 335 2403 none,
380 2351 545 2408 quaudo
588 2350 750 2394 subdit:
801 2351 1185 2406 «permittuntur»
1232 2347 1275 2404 g)
1322 2353 1577 2391 mortuoram
1622 2347 1847 2405 eoeseqaiae

218 2435 387 2478 «super
420 2423 602 2465 cadai‘er
635 2423 674 2464 111
709 2421 882 2464 ecclesia
906 2420 1154 2473 celebratae,
1180 2419 1371 2476 illiusque
1394 2419 1652 2475 depositione
1682 2420 1719 2461 in
1756 2418 1844 2462 loco

213 2493 396 2549 legitime
429 2492 625 2548 deputato
659 2491 850 2535 fidelibus
883 2491 1088 2534 defunctis
1120 2490 1347 2533 condendis
1371 2505 1390 2530 ))
1414 2489 1523 2545 (can.
1551 2489 1691 2545 1204),
1716 2489 1843 2531 vetita

214 2570 348 2606 tamen
385 2563 531 2620 quavis
563 2563 830 2605 solemnitate
872 2567 911 2605 ut
958 2564 995 2604 111
1042 2563 1171 2604 veteri
1213 2563 1312 2604 iure.
1351 2586 1402 2590 —
1437 2559 1612 2603 Demum
1652 2559 1840 2603 additur:

211 2634 254 2691 b)
278 2633 507 2677 benedictio
542 2648 676 2691 ‹iqnae
699 2632 978 2690 baptismalis,
998 2632 1162 2689 quando
1189 2633 1441 2688 praescripta
1465 2635 1537 2684 est,
1562 2636 1601 2673 et
1623 2643 1839 2673 sacrorum

209 2705 410 2757 oleorum,
444 2707 469 2758 i)
496 2704 764 2762 praedicatio
799 2703 910 2746 verbi
947 2703 1031 2746 Dei.
1067 2702 1125 2746 De
1160 2702 1237 2745 illis
1280 2705 1361 2745 iam
1404 2706 1569 2745 cautum
1605 2706 1691 2744 erat
1724 2703 1782 2744 sic
1816 2713 1838 2744 a

327 2860 337 2880 1
366 2857 455 2902 Cap.
484 2858 538 2899 11,
572 2873 585 2887 e
606 2857 651 2891 de
670 2857 928 2902 poenitentiis
954 2861 994 2890 et
1021 2856 1318 2890 remissionibus
1338 2872 1350 2885 ι»
1385 2855 1445 2899 (V,
1474 2855 1534 2897 38)
1561 2854 1610 2887 X.
