1981 3182
195 149 242 183 88
661 147 745 182 Lus.
771 147 818 182 V.
844 167 857 172 -
884 147 994 181 PARS
1019 147 1070 182 ΙΙ.
1097 168 1109 173 -
1136 147 1194 182 De
1216 150 1352 192 poenis

198 266 373 301 distinctis
400 264 645 310 Superioribus
672 265 847 310 punitum,
873 265 978 300 semel

198 319 257 349 aut
285 313 414 358 pluries
440 313 688 346 committatur.

246 365 264 407 ς’
291 361 324 394 3.
354 359 509 394 Censura
535 359 579 394 ab
607 359 748 394 homine
767 359 980 405 multiplica-

198 413 267 443 tur.
289 407 315 441 si
347 407 445 452 plura
473 411 655 451 praecepta
683 407 733 441 vel
762 406 877 452 plures
903 417 980 442 sen—

199 455 329 491 tentiae
356 453 407 489 vel
429 453 542 499 plures
560 454 745 489 distinctae
763 458 877 499 partes
894 454 982 489 eius—

199 504 276 538 dem
297 501 468 548 praecepti
484 506 544 536 aut
559 501 754 536 sententiae
768 512 867 536 suam
882 512 982 547 quae-

200 561 267 597 que
293 559 478 585 censuram
506 548 682 593 infligant.

249 598 335 633 CAN.
357 594 461 630 2245.
483 616 499 621 -
521 599 539 638 ξ
562 595 590 630 l.
610 596 787 631 Censurae
799 595 887 631 aliae
901 599 984 630 sunt

201 651 399 684 reservatae,
429 643 517 678 aliae
543 654 604 677 *non
633 650 832 678 reservatae.

250 696 269 734 ξ
295 691 329 726 2.
359 691 516 726 Censura
534 690 574 725 ab
591 690 721 725 homine
739 695 790 725 est
811 694 985 725 reservata

202 740 230 775 ei
259 740 316 785 qui
337 749 522 773 censuram
546 737 671 772 intlixit
689 742 750 772 aut
771 738 983 772 senteutiam

203 787 295 828 tulit,
324 785 441 821 eiusve
472 783 647 830 Superiori
683 785 905 831 competenti,
933 784 986 820 vel

203 833 391 870 successori
407 837 467 868 aut
481 833 656 877 delegato;
677 843 717 867 ex
731 832 889 867 censuris
908 842 986 867 vero

204 894 224 917 a
251 882 323 917 iure
349 880 532 915 reservatis
557 879 646 914 aliae
676 884 758 914 sunt
793 884 987 915 reservatae

208 927 402 969 ordinario,
430 927 520 962 aliae
545 926 756 972 Apostolicae
782 925 870 961 Secti.

253 980 272 1018 ξ
303 975 335 1011 3.
368 974 392 1009 E
430 975 614 1009 reservatis
651 974 869 1019 Apostolicae
908 972 986 1009 Sedi

204 1023 294 1059 aliae
329 1027 411 1057 sunt
446 1028 632 1056 reservatae
662 1021 871 1068 simpliciter,
899 1021 989 1057 aliae

204 1070 343 1118 speciali
369 1068 474 1109 modo,
500 1069 590 1104 aliae
615 1069 857 1115 specialissimo
882 1068 988 1103 modo.

254 1122 273 1160 ξ
300 1116 331 1152 4.
351 1115 506 1152 Censura
525 1116 614 1151 latae
635 1117 830 1151 sententiae
849 1128 919 1151 non
939 1120 990 1151 est

207 1169 394 1207 reservata,
413 1163 478 1197 nisi
509 1163 544 1197 in
572 1164 645 1208 lege
669 1163 719 1198 vel
748 1169 929 1210 praecepto
956 1164 988 1198 id

207 1223 367 1259 expresse
393 1211 546 1253 dicatur;
573 1216 605 1246 et
632 1211 666 1244 in
693 1211 797 1246 dubio
815 1211 887 1247 sive
906 1211 990 1246 iuris

207 1261 279 1295 sive
307 1259 385 1294 facti
414 1258 600 1294 reservatio
627 1269 695 1293 non
725 1264 837 1303 urget.

256 1306 342 1343 CAN.
373 1304 475 1341 2246.
497 1327 512 1330 -
534 1309 553 1348 ξ
575 1305 603 1340 1.
625 1305 670 1341 Ne
697 1311 890 1342 reservetur
916 1317 992 1341 cen-

209 1366 303 1395 sura,
343 1354 408 1388 nisi
448 1358 581 1388 attenta
621 1353 784 1398 peculiari
823 1354 993 1399 gravitate

209 1402 413 1438 delictorum
441 1405 474 1436 et
500 1402 707 1436 necessitate
732 1401 848 1445 aptius
881 1400 992 1447 provi-

209 1449 314 1486 dendi
342 1448 551 1494 disciplinae
582 1448 838 1484 ecclesiasticae
864 1453 897 1483 et
924 1459 992 1484 me-

210 1497 315 1533 dendi
343 1496 569 1531 conscientiis
598 1496 765 1531 fidelium.

259 1549 278 1587 ξ
305 1544 337 1578 2.
367 1543 562 1578 Reservatio
596 1543 753 1578 strictam
789 1543 911 1589 recipit
941 1543 994 1577 in-

212 1590 509 1638 terpretationem.

260 1643 279 1682 g
305 1639 336 1673 3.
366 1637 564 1673 Reservatio
583 1649 752 1673 censurae
772 1638 996 1683 impedientis

212 1686 446 1732 receptionem
482 1684 790 1720 Sacramentorum
832 1686 996 1731 importat

213 1733 483 1769 reservationem
513 1733 641 1778 peccati
670 1733 723 1768 cui
755 1744 902 1768 censura
936 1733 997 1767 ad-

214 1793 303 1817 nexa
320 1786 392 1823 est;
414 1791 534 1815 verum
554 1780 581 1814 si
602 1780 680 1826 quis
695 1792 715 1816 a
729 1791 877 1815 censura
896 1791 996 1816 excu-

215 1834 312 1865 satur
338 1828 390 1863 vel
416 1827 460 1863 ab
487 1828 606 1862 eadem
637 1828 699 1862 fuit
725 1827 917 1873 absolutus,
946 1838 997 1862 re-

215 1877 364 1912 servatio
393 1876 520 1921 peccati
551 1876 689 1921 penitus
714 1880 837 1910 cessat.

264 1924 349 1959 CAN.
379 1921 484 1957 2247.
517 1943 533 1947 -
563 1926 581 1964 ξ
613 1923 641 1957 1.
672 1922 706 1957 Si
743 1933 891 1958 censura
918 1921 997 1957 Sedi

217 1971 435 2017 Apostolicae
454 1975 629 2005 reservata,
643 1970 698 2011 sit,
715 1968 926 2006 Ordinarius
945 1980 1001 2004 ne-

217 2019 292 2064 quit
309 2018 416 2053 aliam
436 2028 618 2053 censuram
640 2017 704 2052 sibi
725 2022 935 2053 reservatam
964 2017 998 2050 in

219 2066 308 2101 idem
336 2065 501 2100 delictum
532 2065 628 2100 ferre.

266 2117 285 2155 ξ
312 2112 341 2147 2.
373 2112 570 2147 Reservatio
596 2123 764 2147 censurae
791 2112 825 2146 in
856 2111 1001 2157 particu-

220 2161 281 2195 lari
310 2161 481 2195 territorio
502 2159 571 2193 vim
592 2170 691 2194 suam
710 2164 805 2195 extra
824 2159 918 2193 illius
936 2163 1002 2193 ter-

220 2208 328 2243 ritorii
359 2207 445 2242 fines
473 2218 542 2241 non
569 2207 706 2248 exserit,
721 2207 855 2241 etiamsi
885 2217 1005 2242 censu-

223 2260 316 2290 ratus
355 2255 397 2289 ad
435 2254 693 2289 absolutionem
729 2254 958 2289 obtinendam
985 2264 1003 2288 e

221 2302 393 2338 territorio
419 2302 633 2346 egrediatur3
671 2312 819 2336 censura
855 2312 934 2336 vero
960 2300 1003 2335 ab

223 2350 365 2385 bomine
391 2355 441 2384 est
470 2349 598 2394 ubique
637 2349 788 2384 locorum
830 2353 1005 2384 reservata

224 2399 270 2432 ita
297 2401 332 2432 ut
360 2402 565 2431 censuratus
602 2397 726 2431 nullibi
761 2396 892 2431 absolvi
929 2397 1004 2430 sine

224 2444 349 2479 debitis
377 2444 601 2478 facultatibus
630 2444 749 2489 possit.

272 2496 290 2534 ᾗ
318 2490 350 2525 3.
381 2490 415 2524 Si
444 2491 690 2533 confessarius,
711 2492 875 2536 ignorans
901 2501 1007 2525 reser-

226 2539 412 2578 vationem,
454 2538 687 2584 poenitentem
728 2550 747 2573 a
785 2549 932 2573 censura
967 2548 1005 2571 ac

229 2591 366 2631 peccato
392 2586 558 2626 absolvat,
579 2586 750 2620 absolutio
766 2596 934 2620 censurae
951 2595 1004 2619 va·

227 2634 284 2669 let.
305 2634 494 2667 dummodo
512 2644 556 2667 ne
573 2633 616 2667 sit
636 2644 784 2668 censura
802 2633 846 2667 ab
867 2633 1008 2667 bomine

227 2685 284 2716 aut
320 2691 466 2715 censura
505 2680 756 2725 specialissimo
795 2680 896 2715 modo
927 2679 1006 2715 Sedi

230 2728 445 2773 Apostolicae
478 2732 663 2762 reservata.

277 2775 361 2810 CAN.
386 2772 487 2808 2248.
513 2795 528 2799 -
550 2778 569 2816 ξ
594 2775 621 2808 Ι.
644 2774 826 2817 Quaelibet
847 2785 1006 2813 censura,

229 2822 332 2857 semel
350 2826 538 2862 contracta,
553 2822 686 2855 tollitur
701 2827 837 2856 tautum
855 2822 1009 2865 legitima

229 2869 459 2905 absolutione.

1100 269 1119 308 ξ
1145 265 1178 299 2.
1208 265 1390 300 Absolutio
1414 265 1577 310 denegari
1606 266 1726 312 nequit
1751 278 1832 302 cum

1054 313 1206 358 primum
1246 312 1457 358 delinquens
1482 324 1502 348 a
1527 315 1749 349 contumacia
1781 325 1833 350 re-

1053 360 1207 401 cesserit,
1234 361 1277 394 ad
1309 371 1469 395 normam
1504 370 1582 395 can.
1608 359 1713 404 2242,
1743 365 1762 403 ξ
1787 361 1831 405 3;

1053 419 1073 443 a
1099 417 1247 442 censura
1281 412 1396 442 autem
1432 407 1627 450 absolvens,
1656 413 1777 454 potest,
1805 409 1834 443 si

1054 466 1108 490 res
1136 454 1234 490 ferat.
1252 465 1313 500 pro
1333 459 1465 500 patrato
1491 454 1616 490 delicto
1642 467 1833 501 congruam

1054 501 1304 537 vindicativam
1334 512 1479 548 poenam
1509 502 1560 537 vel
1584 503 1834 548 poenitentiam

1055 549 1225 594 infligere.

1103 600 1122 638 g
1150 597 1180 630 3.
1209 594 1378 637 Censura,
1400 606 1460 642 per
1477 595 1731 637 absolutionem
1759 597 1837 633 sub-

1057 644 1139 687 lata,
1173 654 1241 678 non
1278 644 1464 684 reviviscit,
1493 643 1558 677 nisi
1591 644 1626 678 in
1654 655 1735 679 casu
1770 656 1839 690 quo

1056 702 1145 726 onus
1172 691 1373 736 impositum
1401 690 1465 725 sub
1497 701 1607 736 poena
1641 692 1838 728 reinciden-

1057 739 1125 774 tiae
1152 738 1334 784 impletum
1363 749 1433 772 non
1463 738 1576 773 fuerit.

1106 784 1191 821 CAN.
1221 783 1321 819 2249.
1352 806 1369 810 -
1398 789 1416 827 ξ
1449 785 1473 819 l.
1504 784 1539 821 Si
1567 785 1644 831 quis
1681 785 1841 831 pluribus

1059 833 1216 868 censuris
1242 833 1452 873 detineatur,
1484 837 1592 878 potest
1617 832 1661 867 ab
1688 844 1758 868 una
1784 833 1841 869 ab·

1059 881 1156 921 solvi,
1183 880 1305 915 ceteris
1332 880 1478 915 minime
1502 880 1697 915 absolutis..

1107 932 1126 970 ξ
1144 927 1177 961 ’2.
1199 927 1320 963 Petens
1338 927 1606 968 absolutionem,
1624 927 1723 963 debet
1741 938 1843 963 casus

1060 986 1182 1010 omnes
1220 975 1387 1016 indicare,
1414 985 1512 1010 secus
1549 975 1722 1010 absolutio
1751 975 1842 1010 valet

1061 1027 1198 1064 tantum
1220 1034 1279 1068 pro
1297 1033 1378 1057 casu
1405 1033 1583 1068 expresso;
1610 1023 1701 1068 quod
1728 1022 1755 1056 si
1782 1022 1842 1057 ab·

1062 1069 1199 1105 solutio.
1240 1071 1401 1115 quamvis
1453 1070 1673 1115 particularis
1725 1069 1845 1115 petitio

1064 1117 1153 1152 tacta
1178 1117 1236 1159 sit,
1254 1117 1356 1152 tuerit
1381 1117 1565 1161 generalis,
1594 1117 1683 1152 valet
1708 1127 1845 1162 quoque

1065 1175 1124 1211 pro
1150 1164 1294 1199 reticitis
1319 1164 1409 1199 bona
1437 1164 1515 1207 fide,
1533 1169 1673 1209 excepta
1698 1174 1845 1199 censura

1063 1211 1315 1258 specialissimo
1343 1211 1443 1246 modo
1459 1210 1538 1246 Sedi
1554 1211 1772 1257 Apostolicae
1797 1222 1847 1247 re-

1064 1264 1211 1300 servata,
1238 1270 1308 1294 non
1335 1264 1451 1294 autem
1491 1270 1552 1305 pro
1579 1259 1724 1294 reticitis
1753 1258 1847 1294 mala

1067 1307 1145 1342 fide.

1114 1352 1198 1389 Cn.
1228 1351 1332 1388 2250.
1365 1372 1381 1379 -
1410 1356 1429 1395 ξ
1462 1353 1489 1386 Ι.
1511 1352 1545 1388 Si
1566 1358 1689 1397 agatur
1707 1353 1748 1388 de
1766 1364 1846 1388 cen-

1066 1412 1144 1436 sura
1165 1411 1254 1446 quae
1281 1411 1349 1436 non
1377 1400 1525 1446 impedit
1539 1399 1847 1435 Sacramentorum

1068 1448 1315 1494 receptionem.
1337 1452 1555 1487 censuratuS,
1576 1447 1641 1483 rite
1658 1447 1848 1493 dispositus

1066 1501 1099 1532 et
1116 1507 1136 1531 a
1150 1495 1370 1530 contumacia
1391 1495 1568 1536 recedens,
1587 1500 1697 1541 potest
1714 1494 1847 1530 absolvi

1067 1556 1087 1579 a
1114 1543 1275 1589 peccatis.
1308 1542 1409 1577 firma
1435 1553 1595 1577 censura.

1116 1595 1134 1633 ξ
1162 1590 1193 1624 2.
1221 1590 1256 1626 Si
1285 1600 1365 1625 vero
1391 1594 1514 1634 agatur
1532 1589 1573 1625 de
1591 1600 1739 1625 censura
1761 1600 1850 1634 quae

1069 1638 1215 1684 impedit
1253 1636 1560 1672 Sacramentorum
1599 1637 1847 1682 receptionem,

1069 1689 1274 1721 censuratus
1289 1685 1411 1730 nequit
1424 1684 1554 1719 absolvi
1571 1695 1590 1719 a
1608 1684 1765 1729 peccatis,
1781 1684 1848 1718 nisi

1072 1734 1166 1779 prius
1192 1744 1211 1767 a
1237 1743 1386 1767 censura
1411 1731 1591 1767 absolutus
1615 1731 1729 1766 fuerit.

1119 1784 1137 1822 ξ
1156 1779 1188 1814 3.
1207 1779 1390 1814 Absolutio
1408 1789 1576 1814 censurae
1596 1778 1631 1813 in
1652 1779 1723 1814 foro
1741 1789 1854 1813 sacra-

1071 1827 1214 1862 mentali
1249 1827 1449 1861 continetur
1479 1826 1515 1860 in
1542 1831 1707 1861 consueta
1743 1826 1854 1860 forma

1070 1874 1299 1909 absolutionis
1327 1878 1544 1919 peccatorum
1565 1874 1599 1907 in
1622 1873 1721 1908 libris
1746 1873 1853 1908 ritua-

1073 1922 1164 1956 libus
1201 1922 1432 1967 praescripta;
1463 1921 1499 1955 in
1528 1921 1599 1956 foro
1633 1931 1705 1955 non
1739 1931 1854 1956 sacra-

1074 1969 1216 2004 mentali
1245 1968 1399 2014 quolibet
1426 1968 1527 2003 modo
1553 1968 1626 2003 dari
1657 1967 1854 2014 potest‚sed

1073 2017 1114 2052 ad
1135 2015 1508 2051 excommunicationis
1532 2015 1788 2051 absolutionem
1807 2025 1857 2050 re-

1073 2064 1240 2109 gulariter
1268 2064 1412 2098 formam
1439 2063 1596 2098 adhiberi
1629 2063 1792 2098 convenit
1819 2062 1853 2097 in

1073 2112 1203 2147 eisdem
1233 2111 1330 2145 libris
1356 2111 1533 2146 traditam.

1122 2158 1206 2193 CAN.
1234 2156 1337 2192 2251.
1364 2178 1385 2184 -
1413 2157 1446 2192 Si
1482 2157 1654 2192 absolutio
1688 2167 1857 2192 censurae

1075 2206 1176 2241 detur
1203 2206 1238 2239 in
1268 2206 1338 2240 foro
1364 2210 1517 2246 externo,
1538 2210 1724 2249 utrumque
1744 2204 1855 2239 forum

1075 2253 1201 2288 afficit:
1231 2253 1256 2286 si
1286 2253 1321 2287 in
1350 2253 1499 2293 interno,
1517 2252 1857 2288 absolutus.rem0to

1077 2299 1253 2341 scandalo,
1285 2304 1394 2346 potest
1432 2299 1480 2334 uti
1520 2299 1625 2334 talem
1660 2310 1695 2334 se
1730 2298 1858 2333 habere

1076 2348 1180 2383 etiam
1210 2347 1245 2381 in
1272 2347 1407 2382 actibus
1428 2347 1487 2381 fori
1515 2346 1669 2389 externi;
1699 2346 1770 2387 sed,
1788 2345 1856 2380 nisi

1077 2395 1254 2430 concessio
1280 2394 1509 2429 absolutionis
1537 2393 1700 2440 probetur
1718 2398 1778 2428 aut
1796 2393 1859 2428 sal-

1078 2448 1147 2477 tem
1176 2442 1327 2486 legitime
1367 2446 1610 2487 praesumatur
1637 2441 1671 2474 in
1701 2441 1772 2475 foro
1802 2451 1858 2476 ex-

1079 2495 1190 2529 terno,
1224 2500 1372 2524 censura
1411 2493 1520 2534 potest
1557 2500 1577 2523 a
1615 2487 1860 2533 Superioribus

1081 2537 1142 2572 fori
1170 2537 1316 2575 externi,
1339 2536 1466 2582 quibus
1492 2547 1571 2571 reus
1599 2546 1718 2581 parere
1744 2535 1858 2577 debet,

1080 2584 1205 2627 urgeri,
1232 2583 1340 2618 donec
1374 2583 1546 2618 absolutio
1573 2583 1608 2617 in
1636 2583 1755 2618 eodem
1790 2583 1862 2617 foro

1080 2631 1196 2666 habita
1228 2631 1340 2665 fuerit.

1129 2677 1213 2713 CAN.
1243 2676 1335 2712 2252
1380 2697 1396 2704 -
1426 2676 1492 2721 Qui
1515 2677 1548 2711 in
1570 2676 1723 2723 periculo
1742 2676 1862 2711 mortis

1081 2726 1276 2763 constituti.
1304 2736 1325 2760 a
1350 2725 1537 2760 sacerdote.
1567 2724 1728 2767 specialis
1756 2723 1861 2758 facul—

1082 2774 1163 2807 tatis
1192 2777 1341 2818 experte,
1370 2776 1571 2817 receperunt
1606 2771 1860 2806 absolutionem

1082 2820 1125 2855 ab
1144 2820 1263 2866 aliqua
1289 2830 1437 2855 censura
1455 2819 1498 2854 ab
1518 2819 1659 2853 homine
1679 2818 1730 2853 vel
1749 2829 1769 2853 a
1786 2829 1863 2852 cen-

1083 2879 1164 2902 sura
1198 2867 1448 2912 specialissimo
1483 2867 1583 2901 modo
1610 2864 1690 2901 Sedi
1719 2866 1861 2911 Aposto-
