1981 3182
198 146 243 177 Μ)
671 143 754 177 L1ss.
784 143 828 177 V.
855 163 866 167 -
894 143 1003 176 PARS
1029 143 1059 177 Ι.
1089 163 1101 168 -
1127 143 1184 177 De
1208 143 1358 178 delictis
1503 143 1597 178 Can.
1623 143 1824 178 2197-2198

196 264 349 308 debent
383 264 619 307 bominibus
667 269 736 306 aut
786 263 892 306 malo
940 266 1078 306 animo
1117 265 1287 313 affectis,
1322 268 1391 306 aut
1424 266 1494 320 qui
1530 264 1823 319 praeiudicatis

195 335 470 391 opinionibus„
510 335 571 377 vel
619 337 794 391 partium
840 333 987 377 studiis
1030 334 1262 386 ducuntur3
1303 333 1454 390 quibus
1487 334 1587 377 dum
1621 335 1724 378 sides
1757 335 1824 378 ha-

198 405 327 461 betur,
347 409 444 448 satis
462 410 720 461 compertum
747 409 820 458 est,
841 409 924 447 tum
951 407 1270 460 praeteritorum
1295 410 1544 460 temporum,
1569 410 1655 448 tum
1679 408 1824 448 aetatis

195 482 357 519 nostrae
391 478 661 532 experientia,
686 481 783 533 (piot
810 476 942 518 modis
977 475 1163 519 homines
1196 489 1336 518 errare
1370 480 1409 518 et
1442 476 1539 529 falti,
1562 489 1610 519 ac
1635 479 1672 519 in
1698 482 1825 519 trans-

199 561 362 590 versum
398 550 462 603 agi
498 550 770 603 contingat».

318 619 381 663 lo.
398 620 696 664 Delictorum
716 620 1033 674 persequutio
1054 630 1277 673 poenarum
1300 618 1524 660 inflictione
1544 621 1625 660 tam
1642 618 1825 661 iudiciali

193 702 316 746 quam
351 689 656 732 extraiudiciali
691 689 875 731 defertur
910 702 982 744 per
1015 688 1251 744 generalem
1289 701 1474 731 normam
1500 690 1539 730 in
1569 687 1692 731 huius
1716 688 1823 731 tituli

195 762 284 803 tine.
312 759 411 804 (ἰιη.
436 762 570 802 3198.
596 786 652 789 -
681 759 900 810 Delictum,
929 775 947 799 ((
975 762 1062 802 iure
1087 760 1369 802 ecclesiastico
1387 775 1408 799 »
1432 759 1540 815 (can.
1564 759 1690 813 2195,
1716 761 1741 813 ἓ
1766 758 1824 816 1),

194 844 287 873 nam
311 831 525 874 subditur:
561 830 670 888 (seced
705 831 824 872 meree
856 829 988 872 laedit
1014 844 1086 886 per
1109 833 1493 886 transgressionem,
1513 835 1553 873 et
1575 829 1825 873 adverbium

191 902 377 945 excludit
409 905 650 945 societatem
675 902 857 955 civilem,
882 915 929 944 eo
953 902 1061 959 quod
1088 904 1285 958 exprimit
1307 891 1692 957 Ecclesiae'leqerrz,
1717 917 1739 941 «
1757 903 1824 944 cui

191 974 330 1016 addita
365 976 416 1016 sit
448 976 606 1016 sanctio
639 975 839 1016 canonica
866 989 883 1013 >³
923 973 1019 1029 (loc.
1044 972 1145 1029 cit.)7
1171 978 1329 1015 aalma
1352 986 1442 1027 sua,
1469 977 1512 1015 ut
1537 977 1646 1028 patet
1678 985 1824 1016 secun-

191 1045 288 1087 dum
326 1044 461 1100 legum
499 1047 721 1096 notionem,
756 1056 861 1100 quae
895 1044 1141 1086 ordinantur
1174 1044 1223 1086 ad
1262 1043 1412 1087 bonum
1439 1057 1660 1087 commune
1693 1046 1824 1086 socie-

192 1118 286 1158 tatis
320 1130 392 1170 pro
426 1128 504 1172 qua
541 1115 634 1157 illae
670 1119 882 1170 rogantur,
905 1114 997 1157 sola
1030 1128 1122 1157 cum
1159 1114 1398 1158 exclusione
1432 1114 1602 1157 alterius
1637 1113 1826 1170 publicae

190 1184 455 1230 auctoritatis
481 1185 766 1228 ecclesiastiea
800 1186 1032 1229 secundum
1067 1185 1256 1229 diversos
1279 1183 1434 1242 gradus
1458 1190 1497 1228 et
1521 1185 1655 1228 officia
1689 1185 1827 1228 (listri-

192 1257 287 1301 buta
322 1257 558 1300 ‹tactoritas
591 1258 640 1300 ad
678 1257 754 1299 boc
789 1261 1029 1313 competens
1046 1257 1320 1314 persequitur
1343 1256 1593 1300 iudicialiter
1617 1257 1680 1299 vel
1707 1261 1825 1300 extra

191 1329 391 1375 iudicium
425 1329 656 1372 secundum
691 1341 870 1372 canones
906 1328 1144 1383 infligendo,
1179 1328 1431 1371 declarando
1474 1333 1599 1385 atque
1638 1327 1826 1384 urgendo

191 1400 281 1445 illas
314 1402 560 1454 sanctiones,
585 1404 624 1442 et
648 1399 749 1442 haec
775 1401 906 1454 prima
932 1403 992 1441 est
1014 1402 1184 1441 canonis
1219 1412 1311 1455 pars
1343 1402 1401 1442 sic
1436 1399 1680 1454 complenda
1713 1402 1825 1441 iuxta

194 1476 374 1514 veterem
410 1470 671 1526 disciplinam
708 1470 973 1513 damnatione
1018 1472 1343 1525 propositionum
1370 1469 1382 1491 ¹
1417 1469 1650 1512 suffultam:
1685 1469 1824 1527 requi-

189 1542 270 1584 sito
306 1541 534 1592 interdum,
573 1540 634 1582 vel
676 1557 696 1581 α
720 1554 814 1583 cum
849 1540 1024 1584 ecclesia
1060 1554 1138 1583 non
1175 1540 1324 1584 habeat
1359 1540 1464 1583 ultra
1503 1541 1601 1598 quid
1638 1541 1760 1584 faciat
1784 1556 1822 1595 )),

191 1618 231 1655 ut
266 1615 319 1655 ait
355 1612 611 1656 (joelestinus
645 1612 693 1654 ΙΙΙ
722 1613 749 1664 ²,
790 1612 853 1654 vel
892 1615 967 1654 «si
1003 1626 1106 1668 opus
1141 1613 1261 1655 l'uerit
1286 1628 1305 1653 ))
1344 1612 1394 1654 ad
1430 1611 1507 1655 boc
1555 1617 1595 1655 ut
1638 1611 1825 1655 fidelium

190 1684 420 1739 compulsio
460 1683 605 1726 efficax
654 1684 759 1737 3113,
796 1682 858 1726 vel
909 1683 1133 1726 adversum
1182 1696 1333 1739 pravos
1376 1682 1565 1726 homines
1603 1682 1823 1740 quoslibet,

189 1758 257 1812 qui
299 1770 317 1795 ι(
342 1754 553 1798 Ecclesiae
589 1754 838 1808 libertatem,
866 1756 1169 1797 immunitatem
1195 1759 1319 1811 atque
1344 1755 1671 1797 iurisi‘lictionem
1699 1756 1825 1810 impe-

191 1826 321 1876 diunt,
355 1840 426 1869 seu
471 1838 578 1883 quae
629 1825 899 1868 ecclesiastici
947 1828 1047 1868 iuris
1080 1830 1185 1877 sunt,
1222 1825 1433 1868 laedunt»
1462 1825 1490 1879 4,
1525 1838 1572 1868 ac
1608 1830 1825 1881 propterea

190 1897 354 1951 dicitur,
392 1899 428 1939 in
464 1910 634 1951 canone,
665 1896 731 1940 ubi
758 1911 829 1952 pro
855 1896 1099 1939 diversitate
1134 1896 1318 1939 locorum
1354 1896 1499 1939 eadem
1534 1909 1657 1952 supra
1693 1895 1826 1939 decla-

190 1973 275 2011 rata
311 1968 547 2011 ‹cercior-itas
583 1982 655 2024 pro
690 1968 856 2011 casibus
890 1967 1064 2023 singulis
1097 1968 1382 2009 necessarimm
1417 1967 1587 2024 physice
1631 1972 1699 2010 aut
1740 1980 1824 2009 mo-

191 2039 343 2092 rainer,
379 2039 440 2081 cel
472 2039 617 2082 saltem
645 2043 927 2096 opportunum
952 2043 1141 2094 respectu
1167 2039 1217 2081 ad
1242 2038 1422 2095 aliquem
1449 2052 1498 2082 ex
1527 2038 1677 2094 triplici
1700 2051 1825 2094 scopo

188 2113 312 2153 citato
338 2109 604 2164 iculiecwerz'l,
624 2113 790 2153 attentis
816 2110 1011 2167 equidem
1037 2109 1230 2152 omnibus
1257 2110 1463 2152 adiunctis
1495 2121 1543 2152 ac
1579 2111 1823 2165 praesertim

188 2195 259 2237 spe
295 2181 422 2223 t‘elicis
456 2183 591 2224 exitus
614 2195 664 2224 ex
691 2181 926 2223 invocando
952 2180 1115 2223 aemilio
1139 2179 1304 2222 brachii?
1330 2179 1580 2233 saecularis,
1602 2180 1727 2223 idest:
1756 2193 1824 2236 po-

189 2254 346 2295 testatis
381 2252 508 2295 laicae
541 2255 771 2305 coactivae,
795 2254 869 2308 ipsi
906 2251 1115 2295 Ecclesiae
1149 2251 1288 2294 debito
1323 2256 1491 2308 propter
1525 2254 1586 2294 ius
1619 2251 1824 2304 (livinum,

188 2323 297 2379 quod
333 2336 423 2365 eam
459 2325 673 2365 constituit
706 2325 964 2379 superiorem
1000 2322 1112 2366 civili
1157 2325 1343 2365 societati
1377 2335 1425 2365 ac
1457 2321 1717 2377 spiritualem
1752 2321 1822 2363 sed

309 2431 318 2450 ¹
346 2429 541 2462 Martinus
569 2430 601 2463 V
642 2430 698 2473 (in
739 2430 856 2463 Cone.
887 2428 1215 2473 Constantionsi),
1256 2432 1383 2462 const.
1431 2428 1578 2462 «Inter
1607 2432 1771 2462 cunctas
1790 2443 1823 2470 »,

187 2478 232 2510 22
261 2476 370 2510 Febr.
402 2477 506 2519 1418,
535 2483 610 2511 art.
644 2478 699 2517 14,
730 2477 890 2510 Ioannis
917 2477 1038 2517 Husz,
1066 2476 1206 2520 damu,
1227 2481 1299 2510 art.
1319 2476 1365 2509 32
1383 2476 1428 2509 de
1448 2487 1524 2520 quo
1551 2475 1825 2520 interrogandi

188 2535 363 2558 errorum
391 2523 554 2558 Wicleff
576 2528 615 2558 et
644 2525 754 2558 Husz
786 2525 982 2568 suspecti:
1018 2539 1031 2553 ‹<
1051 2528 1186 2557 utrum
1226 2523 1371 2565 credat,
1412 2523 1515 2567 quod
1554 2522 1827 2557 inobedientia

187 2572 271 2605 sive
298 2572 546 2605 contumacia
572 2572 1004 2606 excommunicatorum
1031 2575 1242 2611 crescente,
1260 2571 1427 2615 praelati
1447 2571 1509 2604 vel
1527 2581 1661 2604 eorum
1688 2570 1825 2604 vicarii

189 2620 229 2652 in
257 2618 533 2662 spiritualibus
561 2619 735 2653 habeant
763 2622 1001 2663 potestatem
1034 2618 1281 2663 aggravandi
1307 2623 1347 2652 et
1373 2618 1675 2662 reaggravandi‚
1704 2619 1825 2651 inter-

189 2666 337 2699 dictum
365 2666 537 2710 ponendi
563 2670 603 2700 et
630 2666 835 2700 brachium
862 2666 1061 2700 saeculare
1088 2665 1321 2706 invocandi;
1351 2671 1391 2699 et
1417 2665 1519 2710 quod
1538 2665 1620 2699 illis
1647 2665 1824 2699 censuris

188 2725 255 2785 pe}⁴
282 2711 484 2746 inferiores
512 2714 565 2747 sit
592 2713 853 2748 obediendum
873 2730 905 2747 n.
928 2714 1168 2758 Denzinger,
1203 2725 1311 2747 num.
1333 2713 1414 2747 682.
1437 2712 1694 2746 Euchiridion
1715 2712 1823 2758 Sym—

194 2762 438 2851 bO-Ortzllg-Ah
471 2809 511 2840 11
546 2823 559 2837 «
580 2807 625 2841 de
652 2808 842 2842 iudiciis»
878 2809 944 2853 (ΙΙ,
984 2811 1017 2848 1>
1054 2808 1103 2842 X.
1146 2829 1187 2832 —
1227 2808 1240 2829 3
1268 2807 1360 2852 Cap.
1399 2808 1439 2841 18
1474 2807 1552 2841 «de
1590 2807 1817 2841 excessibus

190 2853 461 2936 {rsselatoruff
488 2858 527 2888 et
554 2855 803 2889 subditorum
823 2872 835 2885 ν
871 2857 931 2899 (V,
960 2857 1019 2899 31)
1047 2856 1097 2889 X.
1126 2877 1172 2880 —
1197 2857 1210 2876 ⁴
1238 2855 1353 2889 Cone.
1382 2854 1485 2888 Trici.
1514 2866 1607 2888 sess.
1637 2854 1750 2887 XXV
1770 2853 1816 2887 de

229 2913 276 2935 e.
307 2913 389 2946 cap.
420 2907 476 2934 fl).
