1981 3182
139 141 234 178 Gan.
261 141 355 176 2305
533 140 617 175 Tm
646 140 695 174 X.
727 162 738 166 -
766 141 821 175 De
846 141 1025 175 remediis
1046 140 1277 184 poenalibus
1303 143 1370 174 ete.
1703 141 1768 175 18?

142 263 356 312 sitionem3
391 265 429 304 et
464 274 536 317 per
567 263 764 316 seipsum,
798 261 919 302 etiam
954 259 1004 301 ad
1040 258 1257 312 actualem,
1283 263 1405 315 atque
1438 258 1679 302 sollemnem
1700 259 1768 302 de-

143 332 430 388 gradationem
465 330 517 375 ab
541 333 639 387 ipsis
673 329 888 373 ordinibus
911 334 950 372 et
973 328 1172 385 gradibus
1195 328 1500 380 ecclesiasticis,
1535 331 1573 371 in
1608 328 1772 372 casibus

145 405 184 445 in
219 401 368 459 quibus
401 401 575 444 aliorum
611 403 900 457 episcoporum
936 401 1184 455 praesentia,
1220 400 1257 440 in
1283 412 1456 441 numero
1488 412 1508 442 a
1544 399 1772 442 canonibus

142 472 314 516 definito
348 473 586 529 requiritur,
621 473 744 514 etiam
768 469 925 525 absque
959 468 1039 511 illis
1064 468 1289 524 procedere
1322 468 1466 516 liceat;
1500 468 1696 512 adhibitis
1719 474 1773 511 ta-

146 556 254 596 men,
287 547 325 586 et
359 545 398 585 in
433 542 509 585 hoc
541 542 617 585 sibi
652 540 936 584 assistentibus
979 540 1150 582 totidem
1186 538 1418 590 abbatibus,
1462 553 1580 582 usum
1628 542 1772 583 mitrae

142 617 183 656 et
215 612 351 656 baculi
386 626 434 656 ex
462 612 679 669 privilegio
705 610 930 667 apostolico
954 608 1216 659 habentibus,
1241 611 1273 651 si
1294 611 1334 651 in
1359 612 1543 663 civitate,
1567 614 1635 652 aut
1659 610 1770 653 dioe-

143 686 224 728 cesi
261 686 450 741 reperiri,
482 687 521 726 et
554 682 772 726 commode
805 683 1005 724 interesse
1036 682 1213 736 possint:
1248 679 1430 737 alioquin
1465 680 1555 723 aliis
1589 683 1773 736 personis

144 757 184 798 in
217 755 495 798 ecclesiastica
539 753 740 809 dignitate
781 753 1026 807 constitutis,
1061 764 1167 808 quae
1210 755 1342 794 aetate
1385 763 1549 807 graves.
1592 764 1639 794 ac
1672 753 1773 794 iuris

140 827 315 877 scientia
349 822 702 868 commendabiles
734 825 968 865 existant».

262 895 373 939 Haec
408 894 606 951 implicite
640 898 807 936 manent
841 895 951 936 iuxta
985 905 1163 949 sequens
1187 894 1487 949 praescriptum
1521 891 1550 949 ξ
1580 894 1624 935 3.
1662 891 1772 945 Alia,

147 966 480 1023 «degradatio»
519 967 556 1007 in
590 964 618 1022 ἓ
652 965 698 1006 10
730 964 953 1015 declarata,
988 969 1049 1006 est
1083 964 1191 1006 dicta
1226 962 1406 1006 verbalis
1448 977 1520 1005 seu
1560 962 1770 1007 edictalis

144 1051 251 1096 qliae
273 1036 364 1080 sola
397 1035 606 1078 sententia
642 1037 808 1091 proprie
842 1035 950 1077 dicta
985 1035 1035 1077 ad
1071 1048 1257 1077 normam
1283 1047 1373 1078 can.
1402 1034 1513 1077 1868
1547 1036 1571 1087 ξ
1615 1035 1631 1075 l
1669 1034 1774 1076 irro-

140 1113 272 1166 μαῖαν
305 1106 502 1163 legitime,
538 1105 597 1147 ita
633 1110 768 1147 {citizen
805 1105 1028 1148 efficaciter
1063 1110 1106 1147 ut
1139 1118 1279 1148 omnes
1326 1118 1422 1147 suos
1455 1103 1623 1161 effectus
1668 1103 1773 1146 iuri-

142 1177 257 1221 dicos
281 1177 510 1221 secundum
534 1176 590 1234 ξω
622 1177 667 1218 l¹u
691 1176 834 1218 statim
861 1174 1010 1217 lrabeat
1035 1187 1173 1218 coram
1199 1174 1382 1218 Ecclesia
1407 1175 1498 1217 sine
1523 1174 1613 1217 ulla
1643 1190 1662 1214 (c
1680 1188 1771 1217 sen-

144 1251 295 1292 tentiae
319 1264 340 1289 »
378 1248 644 1290 exsecutione
675 1246 943 1304 subsequenti
994 1245 1058 1289 vel
1092 1245 1172 1288 alio
1208 1246 1343 1299 modo,
1377 1247 1474 1302 quin
1514 1262 1533 1285 (ι
1558 1249 1801 1288 exsecuto-¹

145 1322 251 1362 rium
287 1318 435 1361 iudicis
468 1318 682 1361 decretum
709 1333 728 1358 »
754 1318 946 1360 videatur
969 1316 1277 1360 excludendum
1303 1315 1354 1359 ob
1387 1329 1478 1359 can.
1514 1316 1649 1358 1918:
1684 1314 1772 1357 alia

145 1395 205 1434 est
243 1389 577 1445 «degradatio»
616 1388 759 1443 realis,
804 1388 842 1430 si
879 1393 1098 1430 sere-entm-
1142 1392 1230 1443 post
1262 1389 1506 1430 sententiani
1551 1385 1772 1429 sollemnia

143 1459 413 1518 praescripta
446 1473 517 1502 seu
543 1461 645 1502 ritus
678 1462 717 1502 et
739 1461 1027 1502 caeremoniae
1060 1458 1105 1501 in¹
1132 1456 1371 1514 Ponli‘licali
1397 1456 1582 1500 Romano
1611 1456 1687 1500 sub
1712 1459 1770 1498 tit.

150 1546 170 1572 «
194 1530 512 1588 Degradationis
556 1531 685 1573 forma
710 1545 748 1585 ³),
793 1542 898 1587 quae
942 1528 1037 1573 hinc
1072 1531 1185 1585 viget
1222 1529 1273 1572 ad
1314 1540 1499 1571 normam
1544 1528 1627 1572 cit.i
1660 1527 1771 1570 Dec.i

144 1615 193 1645 ex
228 1601 339 1646 Trid.
373 1600 567 1645 Concilio.

800 1785 1032 1823 TJTULUS
1063 1786 1110 1822 X.

438 1873 501 1916 De
535 1873 753 1915 remediis
786 1873 1057 1927 poenalibus
1087 1875 1133 1915 et
1167 1873 1486 1926 poenitentiis.

852 2024 906 2060 m
916 2024 997 2059 rt's
1026 2024 1050 2059 l.

688 2109 740 2143 De
766 2108 946 2143 remediis·
975 2107 1215 2151 poenalibus.

191 2214 276 2251 CAN.
299 2214 388 2250 23⁴»ss
408 2236 429 2241 -
451 2215 611 2250 Remedia
633 2215 790 2261 poenalia
811 2219 892 2249 sunt
910 2226 917 2247 ;

244 2263 293 2297 l.0
318 2262 489 2309 Moniti0;

242 2310 294 2344 ΞΛ)
320 2309 498 2356 Correptio
518 2321 524 2346 ;

239 2358 291 2392 3.0
320 2357 567 2403 Praeceptum;

240 2404 292 2439 4.0
323 2404 525 2449 N'igilantia.

192 2450 277 2487 CAN.
307 2452 409 2487 2307.
439 2471 454 2478 -
485 2450 569 2486 Eum
597 2451 654 2496 qui
696 2455 850 2495 versatur
887 2450 921 2484 in

146 2500 301 2546 proxima
334 2499 516 2535 occasione
559 2498 724 2537 delictum
768 2497 924 2532 commit-

144 2547 239 2582 tendi
269 2547 319 2581 vel
348 2547 382 2580 in
403 2557 520 2592 quem,
540 2556 581 2580 ex
608 2544 835 2590 inquisitione
853 2555 922 2590 per-

143 2598 234 2634 acta,
262 2593 376 2638 gravis
402 2593 553 2639 suspicio
579 2592 669 2627 cadit
696 2592 810 2627 delicti
829 2602 924 2626 com-

146 2640 255 2679 missi,
283 2639 493 2676 Ordinarins
522 2651 580 2686 per
605 2650 641 2674 se
668 2639 718 2674 vel
738 2650 798 2684 per
816 2638 922 2673 inter-

147 2689 293 2734 positam
322 2699 505 2733 personam
535 2691 685 2721 moneat.

193 2734 277 2770 Cas.
307 2734 408 2769 23⁰8.
432 2755 447 2760 —
477 2733 511 2769 Si
539 2746 578 2769 ex
605 2733 753 2768 alicuius
779 2743 921 2768 conver-

146 2782 281 2817 satione
306 2781 511 2817 scandalum
545 2780 593 2816 vel
633 2780 748 2825 gravis
788 2780 923 2815 ordinis

148 2829 359 2875 perturbatio
393 2830 563 2864 oriantur.
595 2834 645 2863 est
685 2827 778 2862 locus
817 2838 922 2861 corre-

146 2876 270 2922 ptioni,
299 2876 342 2911 ab
362 2875 552 2911 Ordinario
573 2886 630 2921 per
657 2886 692 2909 se
712 2874 763 2909 vel
792 2885 851 2920 per
871 2875 922 2908 in-

996 2213 1195 2258 terpositam
1227 2223 1421 2256 personam,
1444 2211 1548 2246 etiam
1574 2221 1631 2256 per
1648 2210 1773 2256 episto-

997 2261 1063 2295 lam
1095 2260 1285 2299 faciendae,
1314 2258 1546 2304 peculiaribus
1580 2268 1773 2292 accommo-

995 2308 1096 2342 datae
1122 2307 1382 2342 conditionibus
1421 2316 1587 2352 personae
1621 2310 1652 2340 et
1692 2305 1771 2340 facti

996 2355 1038 2390 de
1064 2366 1132 2400 quo
1157 2354 1284 2397 agitur.

1044 2400 1128 2437 CAN.
1158 2400 1262 2435 2309.
1284 2420 1299 2427 -
1317 2404 1336 2442 ξ
1356 2400 1384 2434 l.
1402 2399 1486 2434 Tam
1505 2399 1649 2434 monitio
1667 2410 1772 2444 quam

996 2448 1164 2495 correptio
1193 2452 1301 2494 potest
1327 2458 1400 2482 esse
1427 2447 1477 2482 vel
1494 2446 1633 2492 publica
1660 2446 1775 2481 velse-

996 2501 1101 2532 creta.

1044 2548 1063 2585 ξ
1090 2542 1122 2577 2.
1150 2541 1326 2588 Correptio
1361 2541 1411 2576 vel
1453 2540 1598 2576 monitio
1638 2540 1774 2585 publica

998 2591 1055 2626 fiat
1090 2590 1142 2625 vel
1170 2600 1284 2624 coram
1315 2589 1447 2623 notario
1472 2593 1531 2623 aut
1558 2587 1695 2622 duobus
1726 2592 1773 2622 te·

996 2638 1119 2679 stibus,
1147 2637 1198 2672 vel
1226 2647 1285 2682 per
1309 2636 1493 2681 epistolam
1523 2636 1568 2669 ita
1594 2639 1709 2670 tamen
1740 2638 1775 2668 ut

996 2686 1038 2720 de
1063 2684 1259 2730 receptione
1284 2688 1317 2718 et
1336 2690 1453 2718 tenore
1467 2682 1633 2729 epistolae
1659 2693 1697 2716 ex
1712 2681 1774 2716 ali—

996 2743 1064 2778 quo
1089 2732 1297 2766 documento
1322 2735 1467 2765 constet.

1044 2783 1063 2820 §
1090 2779 1119 2814 3.
1148 2777 1326 2824 Correptio
1353 2777 1490 2823 publica
1524 2776 1595 2811 fieri
1635 2780 1770 2810 tantum

999 2831 1107 2872 potest
1132 2826 1297 2860 adversus
1323 2836 1419 2860 reum
1459 2824 1500 2859 de
1538 2823 1662 2858 delicto
1691 2833 1772 2856 con-

999 2873 1127 2908 victum
1155 2872 1207 2908 vel
1242 2872 1457 2911 confessun13
1487 2875 1520 2906 et
1545 2875 1595 2905 est
1633 2869 1773 2904 iudicia-
