1981 3182
0 0 118 86 ff

172 98 266 134 Cana
292 98 387 133 2286
609 99 691 133 ΤιΤ.
717 99 788 132 ΙΧ.
818 119 831 124 -
860 100 918 134 De
935 102 1075 144 poenis
1100 101 1351 135 vindicatio-is
1729 101 1796 135 169

171 228 247 252 sum
275 217 432 263 proderet
457 228 535 252 cum
555 217 701 252 infamia
716 222 748 253 et
768 217 944 258 scandalo,
1017 217 1060 252 ad
1075 216 1109 252 S.
1127 218 1431 254 Poenitentiariam
1452 219 1504 254 vel
1523 219 1565 254 ad
1587 218 1794 265 Episcopum

170 264 316 310 quilibet
342 264 574 299 confessarius
595 269 704 310 potest
731 265 766 299 in
795 265 865 299 foro
891 275 943 298 sa·
1021 264 1181 300 facultate
1211 266 1402 310 praeditum
1422 271 1453 301 et
1473 266 1587 301 standi
1607 266 1680 302 eius
1700 277 1794 301 man-

167 311 370 346 cramentali
391 311 637 356 obligationem
657 312 848 347 servandae
869 321 942 357 poe·
1018 311 1121 346 datis.

168 369 234 393 uae
259 359 483 403 suspendere,
513 359 671 394 iniuncto
700 369 804 393 onere
830 369 944 393 recur-
1065 362 1083 400 ξ
1100 358 1130 393 2.
1147 358 1183 393 Et
1200 358 1225 392 si
1243 358 1278 392 in
1294 359 1411 404 aliquo
1422 371 1502 394 casu
1518 360 1795 395 extraordinario

166 404 264 440 rendi
277 406 397 441 saltem
412 406 503 440 intra
520 416 674 441 mensem
693 405 941 451 perepistolam
1017 405 1071 439 hic
1090 417 1250 440 recursus
1268 406 1311 440 sit
1330 407 1569 452 impossibilis.
1600 412 1683 442 tunc
1710 408 1797 453 ipse—

165 458 199 487 et
225 463 285 497 per
311 453 577 494 confessarium,
607 453 632 487 si
662 453 694 487 id
728 452 798 488 fieri
838 452 944 498 possit
1017 457 1084 487 met
1105 453 1337 488 confessarius
1363 458 1469 498 potest
1495 454 1793 499 dispensationem

165 499 241 535 sine
267 500 363 544 gravi
383 500 617 541 incommodo,
635 500 769 535 reticito
786 500 942 542 nomine,
1017 500 1202 535 concedere
1217 500 1259 534 ad
1277 511 1435 535 normam
1451 512 1529 536 can.
1542 499 1645 541 2254,
1672 506 1689 542 ,ξ
1711 500 1744 535 3.

288 607 382 649 115.
419 609 674 664 Inscriptio
697 608 846 652 Tituli
869 620 929 652 ac
951 608 1074 652 ordo
1099 620 1354 652 canonum.
1381 633 1432 637 ——
1458 606 1683 663 Explicatis
1706 621 1791 650 om-

169 676 289 720 nibus
324 679 600 734 praescriptis,
635 690 741 734 quae
775 678 812 719 in
848 690 999 732 genere
1023 689 1069 719 ac
1095 679 1131 719 iu
1156 679 1293 733 specie
1329 679 1553 733 respiciunt
1582 691 1790 732 censuras,

168 748 268 791 ordo
301 750 500 804 exposcit,
535 753 577 790 ut
611 750 721 790 iuxta
757 747 1006 790 divisionem
1050 761 1276 803 poenarum
1319 761 1496 805 sequens
1537 747 1698 791 Titulus
1735 747 1796 792 IX

168 818 417 862 inscribatur
437 817 494 861 De
509 818 655 875 poenis
680 817 961 868 vz'ndicali'cis,
980 830 1155 875 quarum
1182 821 1389 861 notionem
1409 819 1533 862 tradit
1552 832 1641 863 cau.
1664 820 1790 864 2286.

168 887 286 932 Hunc
303 893 534 945 sequuntur
566 889 633 931 alii
668 888 749 931 duo
782 902 871 931 can.
907 889 957 932 de
991 888 1266 945 appellatione
1299 894 1423 947 atque
1454 903 1623 933 recursu
1648 895 1791 933 contra

163 971 387 1014 poenarum
413 959 649 1002 huiusmodi
674 960 956 1013 inflictionem,
976 965 1014 1002 et
1038 960 1089 1002 de
1112 962 1340 1003 sententiae
1359 963 1636 1017 exequutione
1657 973 1782 1016 quan-

164 1029 300 1086 doque
317 1028 720 1085 suspendenda.Duo
736 1033 929 1086 postremi
951 1044 1129 1073 canones
1150 1031 1276 1083 2289,
1293 1030 1404 1073 2296
1423 1031 1612 1073 diversos
1633 1031 1791 1082 modos,

163 1099 313 1157 quibus
345 1099 421 1143 hae
457 1113 612 1156 poenae
645 1101 878 1151 solvuntur,
915 1102 1196 1144 moderantur.

282 1171 377 1215 116.
414 1173 613 1218 Poenae
637 1174 970 1218 vindicativae
993 1174 1231 1219 definitio.
1249 1199 1305 1203 —
1327 1172 1427 1216 Can.
1452 1175 1589 1215 3386.
1613 1199 1669 1203 —
1691 1172 1789 1216 Poe-

163 1254 241 1283 nae
274 1240 568 1291 *uinclicaliraa
601 1245 658 1285 sic
693 1242 922 1299 appellatae
956 1256 977 1285 a
1015 1243 1194 1286 vindicta
1235 1244 1371 1286 delicti
1411 1248 1572 1299 sumpta
1610 1257 1681 1299 per
1716 1257 1787 1299 pu-

163 1311 311 1355 blicam
346 1315 633 1356 auctoritatem
672 1315 708 1355 iu
743 1328 915 1369 scopum
952 1314 1193 1370 protegendi
1232 1317 1440 1357 societatis
1478 1316 1615 1369 tinem,
1655 1316 1788 1357 «iure

162 1382 476 1426 ecclesiastico»
502 1382 603 1425 illae
623 1390 734 1431 sunt,
752 1398 822 1427 seu
849 1387 1138 1441 «privationes
1156 1384 1332 1428 alicuius
1352 1384 1445 1428 boni
1462 1401 1480 1425 ))
1506 1384 1611 1442 (can.
1640 1385 1785 1441 2215),

162 1467 281 1509 qicue,
313 1456 472 1496 etiamsi
507 1453 785 1511 delinquentis
817 1458 1117 1498 correctionem
1154 1469 1231 1498 non
1267 1455 1488 1498 excludant
1514 1458 1626 1498 iuxta
1651 1455 1789 1499 Eccle-

160 1525 244 1566 siae
279 1524 416 1577 tinem,
450 1523 608 1567 directe
640 1524 695 1567 ad
722 1525 867 1574 delicti
899 1528 1107 1569 commissi
1141 1526 1438 1584 eapialionem,
1472 1540 1542 1569 seu
1577 1526 1788 1583 aequipol-

97 1624 101 1627 «
161 1594 311 1637 lentem
349 1595 521 1638 iuridice
557 1598 756 1651 passionis
781 1597 792 1618 ¹
823 1613 844 1637 «
869 1597 1197 1653 retributionem,
1222 1611 1327 1655 quae
1353 1598 1393 1640 tit
1418 1598 1645 1641 secundum
1672 1599 1784 1640 iusti-

160 1667 272 1718 tiam,
305 1668 369 1719 (ex
405 1679 452 1708 eo
490 1667 599 1723 quod
645 1667 891 1724 delinquens
939 1670 1022 1723 egit
1070 1671 1107 1710 in
1160 1673 1452 1711 nocumentum
1502 1668 1683 1721 alterius,
1722 1667 1782 1711 vel

159 1736 396 1779 redundans
430 1739 467 1779 in
502 1740 742 1780 societatem
778 1737 989 1781 Ecclesiae
1014 1739 1072 1795 ))),
1108 1738 1297 1791 lendum,
1330 1742 1448 1782 cuius
1480 1742 1591 1795 scopi
1629 1741 1784 1781 ratione

157 1806 351 1849 differunt
385 1820 405 1850 a
441 1811 641 1861 censuris,
678 1808 736 1850 ιἸα
774 1814 816 1850 ul
850 1823 897 1851 ex
934 1813 1202 1866 consequenti
1228 1824 1370 1852 earnm
1397 1822 1622 1866 poenarum
1651 1809 1782 1851 vindi-

156 1879 388 1920 cativarum
426 1878 617 1921 remissio
653 1893 723 1934 per
758 1879 967 1935 publicam
1003 1884 1290 1924 auctoritatem
1326 1895 1346 1923 e
1379 1880 1611 1923 cessatione
1643 1885 1783 1922 corilu-

160 1948 318 1990 macine
335 1947 631 2006 delinquentis,
668 1964 740 2006 per
773 1964 894 2007 quam
933 1965 1009 1994 non
1035 1954 1220 1995 aut'ertur
1245 1952 1342 1995 illud
1370 1956 1676 1996 nocumentum.
1704 1965 1782 1993 non

154 2018 360 2075 pendeat:
387 2020 590 2071 videlicet,
611 2034 731 2064 secus
749 2035 795 2064 ac
818 2024 853 2063 iu
876 2025 1061 2065 censuris
1087 2025 1385 2079 praescriptum
1406 2027 1465 2065 est
1487 2025 1524 2064 in
1545 2035 1633 2065 can.
1656 2022 1784 2076 2248,

154 2089 182 2146 ξ
217 2089 253 2144 2,
290 2092 476 2133 remissio
510 2091 705 2147 denegari
754 2098 896 2148 potest,
931 2096 1090 2135 etiamsi
1131 2109 1150 2134 «
1174 2093 1419 2151 delinquens
1462 2106 1482 2136 a
1521 2095 1782 2136 contumacia

158 2162 375 2203 recesserit
407 2161 456 2203 ad
493 2174 680 2204 normam
716 2176 807 2206 can.
844 2164 970 2214 22'12,
1003 2166 1030 2221 ς’
1064 2164 1086 2205 3
1113 2180 1152 2206 ›>.

276 2230 407 2275 Verba
442 2251 456 2269 «
484 2232 622 2275 delicti
651 2236 903 2288 punitionem
929 2251 950 2274 »
980 2234 1161 2278 adhibita
1189 2238 1225 2278 in
1251 2249 1340 2278 can.
1368 2236 1479 2278 2215
1503 2240 1540 2278 et
1566 2234 1644 2278 alia
1673 2235 1781 2278 «de-

156 2301 237 2345 licti
273 2305 550 2359 expiationem
578 2319 596 2343 »
636 2303 712 2347 hoc
738 2307 774 2347 in
800 2318 957 2348 canone
982 2319 1191 2361 exiuessa,
1212 2309 1371 2349 nonnisi
1397 2307 1563 2349 diverso
1588 2306 1783 2349 diti'eruut

156 2373 278 2416 modo
312 2374 418 2416 idem
453 2376 728 2430 significandi.
757 2376 893 2419 l'riora
918 2378 1153 2433 signiticant
1190 2380 1462 2433 privationem
1488 2377 1662 2420 alicuius
1688 2376 1779 2419 boni

155 2449 342 2500 respectu
388 2447 644 2488 auctoritatis
694 2448 821 2502 ipsam
868 2448 1103 2503 infligentis
1139 2448 1331 2505 equidem
1370 2453 1535 2504 propter
1568 2448 1779 2500 delictum,
1837 2502 1841 2504 ἡ

136 2514 250 2557 'dum
275 2515 353 2558 alia
378 2516 569 2558 eamdem
595 2520 831 2572 exprimunt
859 2521 1133 2574 privationem
1158 2524 1250 2562 actu
1277 2532 1436 2576 passam
1457 2519 1649 2576 equidem
1677 2521 1781 2561 iuste

153 2590 320 2641 propter
353 2585 565 2629 delictum.
601 2586 706 2631 Hinc
740 2588 883 2631 eadem
920 2592 1114 2645 expiatio,
1149 2603 1253 2647 quae
1289 2590 1365 2633 boc
1399 2593 1436 2633 in
1477 2590 1565 2633 loco
1599 2589 1779 2646 appella-

153 2660 218 2698 tur
257 2656 492 2707 «delicti»,
531 2658 632 2700 infra
667 2658 743 2702 sub
777 2672 936 2703 canone
962 2661 1072 2703 2289
1102 2666 1274 2704 vocatur
1302 2677 1321 2701 <(
1347 2674 1502 2718 poenae
1536 2662 1715 2717 expiatio
1740 2676 1780 2703 ».

272 2810 280 2830 1
309 2809 356 2843 D.
386 2809 457 2843 Th.
487 2798 578 2850 1-11g
604 2823 638 2855 q.
670 2811 780 2851 XXI,
811 2818 885 2846 art.
915 2813 949 2853 3,
979 2825 1010 2846 C.
