1981 3182
203 168 209 173 .
233 143 279 176 8²2
700 143 784 176 Lm.
820 143 859 176 V.
890 163 901 167 —
929 143 1038 177 PARS
1065 144 1115 177 II.
1147 164 1157 169 -
1185 144 1241 178 De
1261 148 1399 188 poenis
1537 144 1630 180 Can.
1657 145 1860 180 2236-2237

236 264 344 304 mine
380 265 536 303 tantum
573 261 786 314 inflictam,
814 260 874 303 rel
907 261 958 303 ΙΙΟ
992 261 1041 303 ab
1074 261 1163 304 eius
1197 261 1438 305 alterutrius
1470 268 1726 320 competente
1757 267 1865 307 cirea

235 344 389 387 poenae
434 331 704 374 inflictionem
739 331 967 387 Superiore
1009 337 1083 374 (ml
1125 346 1363 375 successore
1396 332 1439 389 α)
1476 338 1558 376 tuni
1596 336 1633 376 in
1671 339 1867 390 potestate

233 403 345 459 leges
390 403 561 454 ferendi,
597 401 636 459 b)
672 407 755 445 tum
793 405 830 445 in
868 407 1067 458 potestate
1103 415 1254 458 poenas
1290 403 1517 459 infligendi,
1550 405 1613 446 cet
1648 404 1715 446 lllO
1749 405 1798 446 ab
1822 420 1866 447 eo

230 472 382 517 clerico
417 474 484 515 eui
517 473 618 515 haee
652 474 887 516 remittendi
919 479 1109 531 potestas
1154 475 1393 517 immediate
1440 474 1501 517 rel
1549 475 1726 518 mediate
1761 490 1865 518 eom-

232 545 358 587 missa
392 550 453 586 est
476 559 496 587 a
522 546 744 600 Superiore
777 544 1072 599 ecclesiastico,
1093 548 1160 600 qui
1187 546 1379 588 eamdem
1414 546 1666 589 ordinariam
1702 546 1864 590 babeat.

231 616 448 672 Principia,
470 619 507 659 in
532 615 683 673 quibus
703 618 1002 672 praescriptum
1024 619 1193 659 canonis
1213 617 1418 661 l'uudalur,
1437 621 1553 659 sunt:
1579 618 1715 674 quoad
1735 618 1777 660 Ιω
1799 618 1862 660 illa

231 700 315 742 reg.
352 689 452 730 iuris
490 687 521 728 1.
561 685 752 731 «Omnis
798 700 875 740 res,
910 700 982 742 per
1023 700 1311 744 quascumque
1362 700 1508 730 causas
1557 690 1754 742 nascitur,
1794 702 1864 744 per

228 757 393 800 easdem
430 757 671 800 dissolvitur
695 774 743 802 »2
780 758 914 814 quoad
942 757 1003 800 ll¹¹³
1027 758 1105 800 alia
1127 758 1179 800 46
1202 760 1301 801 iuris
1336 761 1373 800 in
1410 759 1477 802 60:
1512 775 1531 799 α
1558 759 1592 802 ls
1624 761 1694 815 qui
1730 762 1766 802 in
1804 763 1864 802 ius

226 829 413 871 succedit
436 828 619 881 alterins,
645 828 791 871 eodem
819 830 920 879 iure,
945 841 1026 885 quo
1051 828 1133 882 ille,
1160 831 1214 871 uti
1241 828 1463 875 debebit»,
1485 835 1521 872 et
1541 830 1675 886 quoad
1703 829 1781 872 lllm
1807 843 1865 872 re—

227 899 322 956 gula
358 900 411 942 68
447 902 599 953 pariter
632 901 670 941 in
707 900 772 941 60:
808 915 826 939 «
856 899 987 942 Potest
1022 902 1113 956 quis
1148 914 1218 956 per
1252 900 1393 953 alium,
1419 901 1527 956 quod
1565 906 1694 957 potest
1729 903 1863 944 sacer<¹

228 983 299 1025 per
331 973 511 1027 seipsum
545 988 577 1010 ι).

347 1040 519 1084 Demum
556 1055 604 1083 ex
643 1056 728 1097 reg.
756 1043 855 1084 iuris
891 1042 943 1084 80
981 1044 1017 1083 in
1055 1040 1121 1084 6⁰:
1152 1058 1174 1082 «
1198 1041 1239 1084 ln
1276 1047 1357 1084 toto
1393 1047 1548 1098 partem
1585 1055 1663 1085 non
1700 1047 1758 1085 est
1791 1043 1861 1085 du-

227 1111 337 1154 bium
373 1114 574 1155 contineri
602 1128 620 1152 )>
647 1113 815 1168 prolluit
848 1116 1153 1170 consequenter
1186 1126 1233 1155 ex
1272 1126 1409 1168 praec.
1444 1115 1503 1166 {⁰⁵
1531 1120 1573 1155 3.
1612 1112 1695 1165 Qui
1725 1119 1861 1170 potest

227 1183 510 1226 iurisdictione
560 1184 769 1226 ordinaria
805 1189 874 1227 ant
908 1183 1096 1239 delegata
1132 1198 1156 1225 a
1191 1183 1279 1240 lesse
1312 1184 1490 1240 quadam
1540 1184 1623 1242 sola
1668 1184 1729 1227 vel
1765 1197 1856 1227 cum

223 1254 313 1297 aliis
336 1254 520 1296 eminere
542 1253 774 1298 subiectum
811 1254 1185 1311 qualiter-cunique„
1213 1255 1424 1298 xidelicet:
1460 1255 1780 1311 dispensatione.
1801 1258 1858 1297 in-

223 1325 336 1368 dulto
361 1331 428 1367 ant
456 1325 844 1383 pi·ivilegio,potest
878 1339 1050 1382 quoque,
1076 1330 1283 1368 annuente
1307 1339 1502 1381 supremo
1529 1326 1761 1381 legislatore
1787 1340 1858 1382 per

224 1396 345 1451 bunc,
366 1408 567 1439 canonem
599 1410 779 1454 poenam
813 1395 897 1452 leqi‘
931 1397 1139 1452 praelatae
1174 1396 1395 1441 (utiterum.
1424 1399 1474 1439 ita
1513 1401 1552 1439 ut
1587 1398 1638 1440 sit
1673 1399 1759 1452 ipso
1793 1398 1859 1440 de-

223 1468 303 1509 licti
347 1468 451 1509 lacto
478 1467 645 1520 inflicta,
687 1467 901 1509 remittere
940 1467 1211 1523 delinquenti,
1236 1469 1340 1509 sicut
1367 1473 1500 1523 posset
1525 1472 1618 1510 ante
1653 1472 1854 1523 patratum

220 1537 433 1586 delictum,
467 1537 519 1581 ab
553 1538 696 1580 eadem
733 1551 812 1594 qua
851 1537 918 1581 tali
953 1537 1162 1581 abducere
1196 1537 1422 1581 subditum.

340 1608 368 1651 E
402 1613 543 1651 contra
577 1607 605 1666 g
636 1611 678 1650 15⁸.
716 1607 848 1651 [actes
880 1620 960 1665 qua
1008 1608 1111 1651 talis.
1146 1622 1216 1651 seu
1253 1608 1324 1665 qui
1357 1622 1408 1650 eJff
1441 1608 1588 1665 officio,
1621 1611 1694 1651 etsi
1741 1621 1853 1665 prae-

219 1679 337 1723 cedat
375 1681 565 1722 instantia
603 1681 729 1735 partis
757 1679 817 1722 rel
844 1681 1054 1722 accusatio
1091 1682 1338 1735 promotoris
1364 1682 1553 1733 institiae,
1575 1679 1763 1737 applicat
1788 1694 1855 1723 reo

216 1764 409 1808 poenam,
446 1750 618 1807 proinde
669 1750 866 1793 ferendae
914 1752 1143 1793 sententiae
1177 1764 1200 1792 a
1237 1750 1464 1807 Superiore
1498 1752 1534 1792 in
1581 1750 1670 1807 lege
1718 1750 1852 1807 aliqua

219 1822 506 1873 constitutam,
539 1835 626 1863 eam
655 1837 673 1861 ((
700 1834 872 1877 poenam
900 1837 918 1861 »
948 1820 1088 1874 semel,
1123 1821 1358 1877 adimpleta
1386 1821 1574 1864 videlieet
1609 1822 1757 1864 officio.
1783 1835 1853 1878 up-

215 1891 419 1949 pli'eatam
463 1895 681 1945 sententia,
716 1897 752 1935 et
798 1897 1102 1948 consequenter
1150 1891 1410 1934 subeundam
1456 1904 1476 1934 a
1524 1905 1606 1946 reo,
1642 1892 1856 1934 remittere
1968 1868 1975 1938 l

219 1962 345 2006 idest:
381 1963 544 2005 auferre
579 1967 647 2005 ant
683 1962 919 2005 condonare
955 1962 1108 2018 nequit.
1144 1959 1338 2005 Ollicinm
1374 1964 1482 2004 enim
1522 1962 1668 2005 iudicis
1691 1975 1739 2004 ex
1768 1975 1852 2017 pro-
1968 1945 1971 1971 ⁶

219 2035 307 2088 prio
345 2033 546 2076 vocabulo
581 2038 639 2076 est
677 2038 834 2076 tantum
871 2032 1010 2075 dicere
1047 2035 1108 2075 ius
1143 2034 1179 2074 in
1215 2031 1498 2087 singularibus
1535 2032 1711 2075 casibus.
1748 2031 1851 2075 Hinc

217 2104 340 2147 iudici
386 2104 676 2160 appellationis
726 2106 876 2147 intacta
929 2107 1064 2146 manet
1114 2108 1291 2159 potestas
1330 2103 1382 2146 ab
1421 2106 1851 2146 excommunic-atione

215 2175 474 2228 absolvendi,
498 2189 621 2232 quani
659 2175 793 2217 eidem
830 2174 1040 2218 adiudicat
1067 2172 1162 2217 Dec.
1186 2176 1222 2217 5.
1244 2173 1286 2216 (Ἰ.
1307 2174 1384 2217 ΕΕ.
1411 2179 1448 2217 et
1474 2173 1554 2217 Ru.
1585 2190 1603 2213 (t
1629 2174 1679 2217 de
1713 2174 1853 2230 appel-

217 2245 437 2289 lationibus
463 2263 480 2285 »
508 2248 532 2288 ¹.
1593 2253 1596 2255 ’

335 2317 400 2359 59.
437 2319 810 2363 Ordinariorum
850 2313 1076 2374 potestas
1110 2320 1387 2363 remittendi
1422 2331 1610 2374 poenas
1655 2317 1847 2373 multipli-

213 2390 315 2431 citer
350 2388 549 2431 limitatur
583 2389 812 2431 secundum
849 2388 1093 2431 delictorum
1132 2391 1316 2431 notitiam
1352 2394 1389 2431 et
1425 2402 1650 2444 poenarum
1675 2389 1849 2431 dirersi—

215 2464 353 2501 latem.‘
382 2458 551 2514 Propter
585 2459 694 2502 illam
730 2474 860 2503 canon
889 2462 924 2501 in
951 2462 1036 2513 ἔξω
1060 2460 1342 2515 distinguitur,
1371 2464 1537 2515 propter
1568 2462 1683 2502 istam
1710 2462 1766 2513 {¹¹⁵
1795 2461 1849 2501 lus

212 2544 406 2573 numeros
453 2533 647 2573 continet.
689 2530 786 2573 Can.
825 2532 962 2574 3337.
998 2533 1021 2583 ,ξ
1058 2533 1088 2572 l.
1130 2529 1172 2572 ln
1216 2530 1379 2573 eas-ibus
1416 2529 1612 2587 pablieis,
1645 2542 1693 2573 eo
1737 2531 1844 2586 quod

210 2600 407 2643 delictum
433 2617 453 2640 «
479 2603 556 2643 iam
593 2602 854 2658 ‹livulgatum
891 2606 949 2643 est
984 2605 1053 2644 aut
1089 2600 1238 2643 talibus
1272 2604 1442 2658 contigit
1476 2615 1547 2644 seu
1586 2606 1774 2644 versatur
1809 2604 1844 2642 in

210 2672 416 2714 adiunctis
452 2676 491 2714 ut
527 2672 754 2727 prudenter
789 2672 962 2715 iudicari
1000 2674 1122 2727 possit
1158 2677 1195 2714 et
1231 2672 1378 2715 debeat
1423 2672 1540 2715 l'acile
1583 2672 1843 2727 divulgatum

212 2745 258 2784 iri
282 2758 304 2782 »
333 2742 440 2796 (can.
467 2742 592 2792 2197,
618 2742 694 2799 23⁰).
714 2746 850 2799 agitur
884 2745 991 2785 enim
1029 2745 1065 2784 in
1101 2756 1258 2786 canone
1292 2744 1342 2785 de
1378 2745 1518 2799 poenis
1545 2743 1623 2786 tale
1646 2742 1842 2785 delictum

1970 1770 1973 1816 Ι

328 2896 338 2916 1
368 2895 410 2928 16
439 2894 524 2929 Oct.
558 2896 661 2937 lobi),
692 2907 728 2928 11.
764 2898 817 2939 12,
853 2896 903 2930 13.
