1981 3182
183 150 253 184 258
555 149 642 182 Llss.
662 149 708 182 V.
730 168 741 174 ·
762 149 872 183 PARS
889 149 960 183 III.
983 170 994 174 -
1014 150 1070 184 De
1084 153 1220 194 poenis
1240 153 1281 184 in
1299 151 1439 185 delicta
1489 150 1582 186 Can.
1609 151 1814 186 2353-2354

183 268 328 311 tierent
360 282 483 325 supra
517 268 770 311 declaratam
804 268 981 311 minoris
1014 268 1181 321 czetdlz'S,
1217 282 1365 324 nempe
1394 285 1416 310 «
1440 261 1540 312 infra
1569 272 1812 314 vicesimum

186 342 363 396 primum
409 352 561 382 annum
607 339 863 394 expletum»
901 342 1011 382 iuxta
1056 342 1080 394 3
1126 340 1190 394 1¹¹¹,
1235 345 1342 383 can.⁸
1376 340 1443 395 88,
1487 342 1647 384 etiamsi
1688 340 1810 385 aliam

184 424 418 453 mensuram
455 410 517 452 lex
552 409 688 453 civilis
710 414 875 463 statuat,
899 409 1222 453 consentientem
1248 409 1413 467 quidem
1439 412 1476 453 in
1501 410 1808 466 abductionem,

182 493 286 538 quae
323 481 493 537 prolude
528 493 606 523 11011
641 485 699 522 est
735 482 809 523 nisi
845 486 1093 536 apparenter
1130 480 1307 523 violenta
1339 486 1407 524 aut
1442 481 1598 535 dolosa,
1631 482 1703 524 sed
1730 482 1807 526 hoc

182 556 385 609 quatenus
418 552 461 593 tit
496 550 562 594 illa
596 550 742 593 insciis
776 550 836 593 vel
869 550 1250 594 contradicentibus
1283 551 1349 608 (ac
1372 551 1617 596 alterutrum
1641 553 1809 610 sufficit)

178 622 426 680 parentibus
460 627 533 664 aut
569 614 788 677 tutoribus,
822 624 939 679 queis
974 636 1045 678 pro
1079 622 1320 665 diversitate
1353 635 1524 665 casuum
1547 622 1807 667 subiiciatur.

304 692 435 735 Poena
474 706 570 735 vero
604 694 663 736 sic
695 695 945 735 enuntiatur.
979 692 1076 734 Tam
1122 692 1356 735 declaratus
1391 697 1542 749 raptor,
1576 706 1701 751 quam
1739 695 1807 736 «ii

183 776 348 821 quoque
382 763 432 806 de
467 762 617 820 quibus
651 765 687 805 in
723 776 812 807 can.
850 763 960 805 2209
995 765 1047 816 33
1086 763 1118 815 l,
1154 765 1237 816 3...
1271 765 1303 805 si
1339 763 1476 819 plures
1519 764 1568 807 ad
1615 763 1809 807 delictum

183 833 416 891 (quodlibet
451 836 487 876 in
524 847 682 877 canone
707 833 968 890 expressum)
996 834 1315 890 perpetrandum
1342 837 1628 878 concurrerint
1651 851 1670 876 „
1700 835 1807 888 (can.

186 905 332 961 2231),
369 907 653 963 unusquisque
687 904 777 962 ipso
811 905 904 946 inre
936 904 1128 947 exclusus
1162 910 1221 948 est
1245 918 1292 947 ac
1317 904 1522 948 habeatur
1546 908 1584 948 in
1611 907 1812 963 foroque-

183 989 262 1034 que
296 981 467 1019 externo
501 975 552 1019 ob
586 976 724 1019 delicti
760 981 948 1018 naturam
984 974 1033 1017 ab
1077 975 1236 1018 aclibus
1270 975 1472 1032 leyiliinis
1505 976 1812 1031 ecelesiasticis,

182 1050 250 1105 qui
283 1047 360 1091 sub
395 1046 453 1090 u.⁰
488 1047 545 1093 20,
581 1052 687 1091 cau*³
721 1047 832 1089 2256
869 1051 1150 1102 recensentur,
1185 1052 1223 1089 et
1258 1046 1429 1104 insuper
1461 1061 1532 1090 seu
1557 1047 1813 1091 cumulative

185 1132 277 1161 cum
314 1131 444 1174 poena
480 1118 545 1161 illa
584 1118 837 1160 vindicativa
873 1117 978 1160 latae
1011 1120 1240 1179 sententiae
1273 1117 1373 1160 aliis
1402 1118 1549 1175 poenis
1587 1132 1637 1162 ex
1681 1119 1812 1162 vindi-

184 1192 332 1233 cativis
367 1189 425 1232 vel
463 1188 778 1233 medicinalibus
809 1202 886 1246 pro
917 1190 1131 1245 qravilale
1163 1188 1311 1246 cnlpae
1336 1190 1615 1233 dimetiendae
1648 1203 1698 1233 ex
1737 1193 1814 1233 cir-

185 1262 443 1303 cumstantiis
477 1260 735 1316 singulorum
771 1272 942 1303 casuum
974 1259 1199 1316 plectatur.
1237 1260 1369 1303 Poena
1402 1261 1597 1318 equidem
1637 1261 1814 1304 indeter-

188 1334 338 1374 minata
372 1331 480 1389 (can.
518 1332 646 1383 2217,
680 1334 703 1384 3
740 1332 774 1383 l,
812 1331 885 1386 10),
919 1331 989 1373 sed
1031 1350 1045 1369 α
1074 1330 1137 1374 1οΧ
1173 1332 1301 1373 utitur
1327 1330 1465 1374 verbis
1490 1334 1766 1388 praeceptivis
1787 1347 1809 1372 »

186 1401 294 1459 (can.
329 1402 440 1445 22:23
477 1408 502 1457 3
535 1401 592 1459 3).

310 1474 403 1515 196.
440 1475 511 1519 De
544 1476 732 1519 iniuriis
766 1477 814 1519 et
846 1476 1026 1518 damno
1059 1475 1178 1519 dato
1211 1476 1271 1516 est
1304 1471 1469 1516 rubrica
1495 1475 1553 1517 tit.
1579 1472 1632 1515 36
1656 1472 1757 1516 Lib.¹
1785 1471 1813 1514 V

189 1544 479 1588 Decretalium.
516 1544 666 1587 lniuria
702 1547 739 1586 in
773 1557 926 1600 genere
960 1548 1020 1587 est
1065 1560 1087 1585 ((
1112 1544 1150 1586 id
1191 1543 1300 1600 quod
1346 1544 1388 1586 fit
1431 1549 1573 1587 contra
1619 1546 1813 1587 iustitiam

186 1618 530 1659 commutativam
556 1631 595 1659 1).
632 1615 856 1671 Praecipua
896 1615 1046 1657 divisio
1089 1619 1162 1667 est,
1207 1619 1249 1657 ut
1291 1614 1370 1658 alia
1413 1617 1464 1658 sit
1510 1614 1701 1669 verbalis,
1735 1615 1814 1658 alia

188 1686 309 1730 realis
333 1686 360 1727 ¹.
399 1685 584 1729 Verbalis
619 1688 767 1728 iniuria
807 1686 992 1734 infertur,
1037 1686 1203 1742 quando
1246 1699 1319 1741 per
1365 1684 1490 1729 verba
1533 1685 1812 1739 detractionis,

149 1795 153 1799 .
184 1758 419 1801 calumniae
454 1757 517 1800 vel
554 1757 853 1801 contumeliosa
889 1758 995 1799 fama
1034 1757 1096 1799 vel
1132 1756 1263 1799 bonor
1301 1756 1470 1799 alterius
1513 1756 1702 1799 laeditur.
1748 1758 1808 1799 Ad

186 1829 291 1872 hanc
327 1829 540 1872 reducitur
573 1831 696 1872 etiam
733 1827 896 1871 libellus
928 1841 999 1870 seu
1034 1840 1201 1871 carmen
1247 1828 1463 1870 famosum.
1499 1827 1650 1870 Iniuria
1694 1827 1816 1870 realis

187 1901 338 1943 dicitur
371 1912 431 1954 ea,
467 1912 573 1957 quae
608 1899 746 1956 aliquo
782 1900 888 1942 facto
923 1899 1112 1948 infertur,
1147 1898 1499 1955 quemadmodum
1534 1900 1565 1941 si
1598 1899 1690 1955 quis
1725 1911 1814 1954 per-

187 1984 329 2014 sonam
362 1971 663 2027 aggrederetur
700 1970 761 2013 vel
799 1974 1033 2026 percuteret
1065 1969 1194 2025 alapis
1227 1974 1296 2012 aut
1333 1968 1592 2023 verberibus,
1628 1968 1691 2012 vel
1732 1971 1814 2011 vio—

189 2042 319 2086 lenter
352 2042 528 2085 alienam
563 2041 733 2085 domum
769 2043 968 2093 introiret,
1006 2040 1067 2084 vel
1103 2040 1213 2083 aliud
1257 2044 1400 2096 ageret
1440 2042 1478 2082 in
1522 2038 1815 2083 contumeliam

192 2118 232 2157 et
264 2116 301 2156 in
337 2118 620 2169 contemptum
657 2112 852 2164 alienum,

310 2184 350 2227 ln
388 2184 553 2227 rubrica
588 2185 754 2226 nomine
787 2184 926 2226 damni
963 2182 1205 2239 intelligitur
1249 2182 1365 2235 illud,
1410 2182 1519 2240 quod
1565 2184 1659 2239 quis
1700 2181 1817 2226 alteri

191 2257 311 2299 infert
344 2255 499 2312 absque
535 2257 701 2311 proprio
735 2254 955 2298 commodo
992 2253 1054 2297 vel
1081 2253 1268 2298 utilitate.
1293 2253 1368 2297 Ex.
1393 2266 1453 2310 gr.
1478 2256 1510 2296 si
1534 2256 1627 2311 quis
1648 2253 1817 2297 domum

192 2327 367 2370 alienam
405 2327 612 2378 incendat,
651 2330 784 2369 restes
818 2325 983 2380 laceret,
1018 2330 1096 2369 etc.
1129 2323 1265 2368 Codex
1303 2324 1452 2368 delicta
1491 2326 1750 2367 iniuriarium
1780 2326 1820 2367 in

190 2410 344 2453 genere
365 2396 526 2453 plenius
545 2396 794 2450 considerat,
814 2398 988 2453 puniens
1006 2408 1068 2449 ea,
1091 2398 1122 2438 si
1147 2394 1341 2449 verbalia,
1368 2397 1406 2438 in
1431 2407 1520 2438 can.
1539 2393 1819 2451 subsequenti,

187 2473 312 2525 atque
344 2469 580 2511 canaam
613 2467 744 2510 reales
777 2468 948 2510 iniurias
980 2468 1147 2522 respicit
1168 2465 1245 2509 sub
1266 2466 1528 2509 distinctione
1546 2465 1822 2522 delinquentis

191 2541 228 2581 in
263 2538 427 2582 duobus
463 2537 746 2594 paragraphis,

305 2609 333 2666 ξ
366 2612 401 2652 1.
436 2608 604 2663 Laiczts,
639 2614 760 2665 prout
798 2625 819 2650 «
842 2611 880 2651 in
916 2607 1099 2652 Ecclesia
1145 2621 1165 2651 a
1211 2607 1374 2651 clericis
1416 2607 1633 2650 distinctus
1656 2622 1676 2648 1)
1712 2607 1818 2662 (can.

194 2681 304 2734 107),
338 2682 427 2723 sive
463 2682 525 2722 vir
558 2682 647 2723 sive
682 2679 843 2734 mulier,
879 2679 950 2737 qui
981 2677 1114 2736 fuerit
1148 2678 1334 2736 leqitime
1367 2678 1492 2721 idest:
1535 2690 1557 2720 3
1600 2677 1711 2721 civili
1753 2679 1822 2720 tri-

194 2750 333 2794 bunali
368 2753 617 2806 competenti
653 2755 776 2807 atque
811 2753 922 2793 iuxta
958 2749 1070 2806 leges
1094 2751 1418 2805 uniuscuiusque
1442 2750 1631 2803 nationis,
1656 2760 1733 2790 non
1757 2760 1819 2790 so-

200 2906 216 2926 )
259 2904 280 2938 5
312 2858 323 2878 1
352 2856 478 2890 Santi.
509 2855 802 2890 Praelectiones
829 2856 932 2889 Iuris
958 2855 1147 2889 canonici.
1178 2854 1262 2888 Lib.
1283 2854 1329 2894 V,
1350 2854 1415 2889 tit.
1445 2853 1630 2894 XXXVI,
1656 2863 1760 2887 num.
1796 2853 1821 2892 1,
