1981 3182
222 110 316 145 Can.
342 109 547 144 2365-2366
595 109 680 142 Tl'r.
710 108 815 141 XVI.
845 128 855 133 -
885 108 939 142 De
956 109 1106 142 delictis
1125 111 1167 142 z'n
1185 108 1334 141 admin.
1356 107 1462 158 Sacr.
1773 107 1842 141 279

225 229 326 286 proli
354 219 404 272 ad
440 228 609 271 latinum
653 230 774 271 ritum
818 228 1018 283 spectanti
1053 231 1359 269 sacramentum
1397 226 1589 282 Baptismi
1623 228 1661 268 in
1695 225 1839 269 iisdem

223 301 558 343 commemoratis
595 297 758 342 casibus
801 297 1149 351 administrantes,
1183 299 1306 339 etiam
1340 295 1672 340 Confirmationis
1704 308 1840 339 sacra-

226 374 408 413 mentum
442 370 632 413 conferre
666 368 900 411 nullatenus
932 367 1123 421 audeant,
1148 367 1224 410 sub
1258 380 1387 423 poena
1420 369 1699 423 suspensionis
1730 378 1753 409 a
1786 366 1843 409 di-

227 442 332 484 vinis
380 442 466 497 ipso
516 441 620 483 facto
670 437 957 491 incurrendae,
991 436 1118 480 salvis
1151 437 1241 480 aliis
1275 439 1415 494 poenis
1448 437 1618 480 arbitrio
1652 436 1841 493 Episcopi

225 511 459 568 infligendis
482 526 520 555 )).
555 509 661 553 Huic
694 509 867 552 Decreto
917 521 989 564 par
1037 513 1095 550 est
1145 521 1277 551 novus
1310 522 1400 551 can.
1434 509 1573 551 2365.
1612 506 1840 565 Presbyter,

178 634 180 637 v
223 584 416 639 quamvis
438 582 572 624 officio
607 580 890 636 beneficioque
923 578 1203 622 ecclesiastico
1236 583 1388 625 careat,
1413 580 1481 634 qui
1506 591 1580 621 nec
1603 577 1843 621 charactere

223 655 275 695 sit
302 668 324 693 «
346 652 581 696 ordinarius
614 651 940 694 confirmationis
974 651 1160 692 minister
1183 666 1202 690 »
1243 649 1351 706 (ean.
1376 650 1475 703 782,
1499 651 1523 702 ἓ
1548 648 1606 705 1),
1630 662 1705 691 nec
1733 664 1755 689 a
1772 662 1841 691 ex-

225 723 523 766 traordinarius
557 724 742 764 minister
765 737 786 761 »
815 720 886 777 (ib.
912 722 936 774 ἓ
961 718 1017 776 2),
1044 724 1182 775 utpote
1211 720 1318 776 quod
1355 722 1393 775 a)
1416 733 1487 761 nec
1510 734 1533 761 a
1557 719 1651 761 *iare
1688 734 1708 759 a
1732 732 1842 762 com-

226 796 336 837 muni
363 810 381 834 ))
423 792 463 850 b)
499 806 570 835 nec
601 805 652 834 ex
684 790 863 834 Romani
900 789 1111 846 Pontifices
1144 790 1405 832 concessione
1448 791 1630 833 fortassis
1668 803 1739 845 per
1771 788 1842 832 ali-

223 864 332 921 quod
367 864 547 907 officium
586 862 748 906 «Sedis
780 861 1042 918 Apostolicae
1066 877 1087 901 >>
1120 860 1366 918 facultatem
1403 859 1556 903 habens
1591 862 1701 903 iuxta
1736 859 1844 902 illius

222 937 392 979 canonis
425 922 784 985 commentarium,
809 937 1115 974 sacramentam
1141 930 1474 988 confirmationis
1509 930 1765 980 tministrare,
1791 932 1846 972 in-

227 1005 360 1048 valide
393 1004 575 1062 quidem,
609 1003 678 1046 sed
719 1019 737 1043 «
764 1017 835 1059 per
871 1016 1015 1045 manus
1050 1004 1353 1058 impositionem
1377 1015 1470 1045 cum
1497 1003 1687 1044 unctione
1719 1000 1844 1043 chris-

172 1132 181 1136 -
225 1078 344 1119 matis
377 1078 414 1118 in
450 1076 583 1118 fronte
631 1079 667 1117 et
718 1088 789 1130 per
841 1073 963 1117 verba
1010 1075 1047 1115 iu
1091 1073 1397 1116 Pontitiealibus
1431 1071 1546 1115 libris
1578 1071 1629 1115 ab
1661 1071 1843 1114 Ecclesia

224 1144 405 1202 probatis
440 1147 735 1201 praescripta»
775 1144 882 1200 (can.
917 1142 1034 1200 780),
1071 1146 1150 1185 imo
1185 1145 1377 1200 quamvis
1410 1142 1595 1186 subiecto
1635 1144 1712 1185 iam
1748 1154 1842 1184 con-

222 1218 397 1269 firmato,
434 1215 535 1259 llaec
567 1218 674 1258 enim
711 1229 787 1257 non
825 1214 968 1257 tollunt
1003 1228 1077 1257 nee
1115 1217 1301 1257 initiuunt
1336 1213 1531 1256 delictum
1567 1215 1845 1269 usurpationis

221 1292 338 1332 actus
369 1286 629 1343 episcopalis,
654 1291 820 1343 propter
843 1298 965 1343 quam
994 1287 1270 1341 usurpationis
1302 1286 1595 1328 conscientiam
1630 1283 1843 1327 subditur:

221 1371 352 1401 ausus
383 1356 529 1415 faerit,
554 1356 597 1414 (cc
619 1356 759 1407 verba,
794 1368 898 1413 quae
933 1356 1094 1412 plenam
1129 1357 1407 1411 cognitionem
1432 1367 1479 1397 ac
1503 1353 1842 1397 deliberationem

222 1430 395 1485 exigunt
413 1428 468 1480 »ζ
495 1427 602 1485 (can.
630 1427 755 1472 2229.
791 1432 814 1481 5
851 1426 913 1483 2);
951 1428 1022 1477 sie,
1049 1430 1089 1469 ut
1125 1426 1278 1469 dictum
1304 1430 1377 1478 est,
1401 1425 1646 1482 delinquens
1678 1437 1846 1481 suspen-

221 1499 364 1550 datur,
382 1498 561 1542 scilicet:
586 1511 633 1541 eo
657 1498 764 1554 qnod
796 1513 815 1538 «
835 1497 897 1551 lex
925 1501 1063 1540 utatur
1089 1496 1225 1539 vei-bis
1250 1498 1527 1552 praeceptivis
1545 1511 1564 1536 ))
1588 1496 1695 1551 (can.
1717 1494 1842 1541 2223,

222 1571 247 1623 g
280 1568 338 1625 3),
378 1584 396 1609 a
421 1582 442 1611 a
476 1569 629 1611 divinis
653 1585 672 1609 ))
711 1568 1027 1624 suspendendus
1060 1572 1133 1623 est,
1158 1580 1236 1610 non
1275 1566 1370 1610 «ab
1403 1567 1551 1611 officio,
1576 1578 1596 1609 a
1631 1565 1846 1615 beneficio,

223 1652 244 1682 a
269 1639 551 1682 iurisdictione
574 1657 588 1675 »
619 1640 725 1696 (can.
750 1639 876 1693 2278,
899 1638 1043 1694 2279),
1068 1650 1173 1694 quae
1202 1640 1238 1680 ri
1266 1637 1575 1694 presbyteratus
1599 1649 1676 1678 non
1702 1635 1842 1680 habet:

221 1710 259 1753 si
291 1723 386 1753 cero
414 1726 435 1750 <‹
460 1709 720 1767 presbyter»
750 1714 790 1752 ut
814 1722 937 1765 supra
966 1725 988 1749 α
1011 1709 1368 1752 extraordinarius
1403 1710 1631 1750 minister»
1665 1709 1845 1750 existens

221 1780 444 1838 facultatis
476 1780 555 1823 sibi
587 1780 728 1838 factae
770 1782 1125 1823 confirmationem
1174 1779 1430 1822 ministrandi
1467 1778 1622 1821 linares
1653 1783 1843 1835 praeter-

218 1851 354 1908 qrea'i,
387 1864 435 1894 ac
484 1851 665 1895 invalide
713 1856 904 1908 agentem
951 1864 1149 1907 usurpare
1185 1851 1411 1906 praefatum
1447 1851 1627 1905 episcopi
1664 1851 1842 1891 ministe-

222 1924 344 1975 rium,
369 1927 463 1966 tunc
499 1925 536 1965 in
570 1936 651 1980 quo
687 1922 751 1965 liic
787 1924 972 1978 peccavit
1019 1924 1123 1964 iuste
1167 1924 1223 1964 sic
1270 1923 1449 1977 punitur,
1484 1920 1710 1963 dummodo
1745 1919 1841 1962 illud

219 1993 567 2050 praesumpserit,
589 1997 628 2036 et
662 1993 832 2049 proinde
872 2008 889 2032 a
915 1992 1123 2049 quaelibet
1149 1991 1477 2048 imputabilitatis
1502 1993 1733 2033 imminutio
1756 1993 1845 2033 sive

221 2077 273 2106 ex
308 2068 422 2120 parte
456 2063 687 2107 intellectus
720 2063 911 2120 (excepta
946 2065 1177 2119 ignorantia
1212 2061 1418 2118 affectata)
1452 2063 1540 2104 sire
1564 2074 1614 2104 ex
1640 2066 1753 2117 parte
1780 2074 1844 2101 vo-

223 2135 389 2178 luntatis
422 2136 566 2177 eximit
590 2150 608 2175 »
647 2148 740 2177 eum
771 2148 834 2176 «a
873 2146 1000 2190 poena
1036 2133 1140 2176 latae
1163 2134 1391 2176 sententiae
1417 2148 1435 2172 »
1464 2132 1570 2189 χρειω.
1592 2132 1717 2187 2229,
1742 2134 1767 2185 ἓ
1791 2132 1843 2187 2),

187 2259 193 2264 ⁴
222 2218 393 2261 nempe:
418 2204 561 2248 eadem
583 2204 791 2262 facultate
818 2222 838 2245 a
862 2204 937 2248 sibi
973 2205 1075 2248 tacta
1099 2220 1121 2244 »
1160 2218 1204 2246 eo
1239 2203 1328 2261 ipse
1367 2219 1388 2244 a
1413 2203 1562 2246 limites
1587 2208 1842 2259 praetergre-

221 2276 361 2319 diendi
386 2291 407 2315 »
447 2275 568 2318 modo
612 2275 816 2332 explicato
858 2276 1053 2333 privatas
1086 2275 1257 2327 existat,
1288 2278 1541 2331 quapropter
1573 2272 1728 2330 absque
1763 2273 1843 2316 ulla

220 2346 500 2390 declaratione
526 2346 724 2389 incideret
748 2349 786 2389 in
813 2352 1037 2403 posterum,
1060 2347 1091 2387 si
1117 2348 1266 2388 iterum
1290 2345 1569 2399 confirmaret,
1610 2344 1686 2387 sub
1712 2346 1843 2400 prima

221 2419 391 2461 canonis
426 2422 554 2473 parte,
588 2428 706 2474 quae,
741 2422 781 2460 ut
820 2417 1013 2465 vidimus,
1039 2430 1111 2472 per
1144 2416 1376 2472 Superioris
1404 2417 1691 2458 auctoritatem
1727 2421 1845 2471 urget

159 2503 163 2505 ·
223 2487 571 2544 irregularitatem
606 2489 811 2531 incursam
852 2502 944 2531 «ex
971 2487 1121 2530 delicto
1147 2486 1323 2543 ponendi
1348 2490 1483 2529 actum
1510 2486 1666 2529 ordinis
1689 2485 1844 2543 absque

221 2572 270 2602 eo
305 2559 493 2602 ordine»
535 2558 643 2615 (can.
678 2559 777 2610 985,
810 2559 888 2616 70).

342 2629 437 2672 208.
459 2631 650 2676 Delicta
672 2632 719 2675 in
742 2631 1091 2675 iurisdictionis
1114 2630 1490 2674 sacramentalis
1513 2630 1845 2685 usurpatione.

221 2724 279 2730 —
314 2698 413 2743 Can.
448 2702 587 2744 2366.
623 2698 840 2751 Sacerdos,
873 2702 963 2743 sire
1006 2700 1102 2742 cleri
1137 2698 1375 2751 saecularis,
1409 2701 1498 2742 sive
1533 2699 1726 2754 religiosi,
1765 2712 1841 2740 non

222 2768 463 2826 Episcopus,
488 2772 582 2828 quia
607 2786 626 2811 ((
651 2769 841 2826 Episcopi
865 2770 941 2813 sub
966 2772 1107 2827 poenis
1130 2769 1234 2812 latae
1257 2772 1484 2812 sententiae
1507 2771 1843 2825 suspensionis»,

223 2844 265 2883 ut
299 2841 418 2896 infra,
458 2857 480 2882 a
502 2854 581 2884 non
615 2840 1067 2897 comprehenduntur»
1098 2841 1204 2895 (can.
1232 2840 1359 2894 2227,
1383 2840 1410 2898 ξ
1433 2839 1490 2897 2),
1513 2840 1583 2883 sed
1616 2839 1841 2896 presbyter.
