1981 3182
0 0 151 67 ‘3333'
162 3 171 13 '

42 42 46 43 ⁷
63 41 66 47 ²
92 51 95 53 ·
202 47 213 60 ο

2 66 34 87 f.-

531 117 616 151 Trr.
645 117 753 151 V111.
783 137 795 142 -
820 117 879 152 De
901 119 1041 162 poenis
1068 117 1368 151 medicinalibus

135 237 221 272 licae
239 240 425 278 reservata,
441 239 618 275 tenentur,
634 240 815 281 postquam
836 246 917 270 con-

136 284 323 320 valuerint,
360 283 574 327 obligatione
611 283 824 324 recurrendi,
854 282 918 317 sub

136 342 247 378 poena
273 330 536 368 reincidentiae,
555 330 596 365 ad
625 330 725 365 illum
753 329 811 375 qui
837 340 918 365 cen-

137 389 255 414 suram
294 377 387 418 tulit,
416 378 443 411 si
470 382 595 421 agatur
628 378 669 412 de
701 387 850 412 censura
874 376 918 411 ab

137 426 298 466 homine3
324 425 367 459 ad
395 424 429 459 S,
458 424 764 459 Poenitentiariam
797 423 848 458 vel
875 424 917 458 ad

138 472 345 519 Episcopum
364 472 517 507 aliumve
534 471 695 506 facultate
711 471 919 517 praeditum,

137 521 180 556 ad
196 530 356 555 normam
371 530 448 554 can.
464 517 569 556 2254.
587 523 605 561 ξ
622 518 654 560 1,
671 518 698 552 si
715 519 756 554 dc
771 529 919 553 censura

137 579 158 603 a
188 567 278 609 iure;
307 577 498 612 eorumque
525 566 701 601 mandatis
729 565 887 611 parendi.

187 613 273 649 CAN.
293 612 398 648 2:253.
419 635 436 639 —
456 613 559 649 Extra
577 613 698 648 mortis
726 612 917 659 periculum

140 666 285 708 possunt
309 661 506 697 absolvere:

213 709 249 743 '1⁰
278 709 304 743 A
332 719 480 744 censura
498 718 568 742 non
588 711 770 747 reservata,
792 707 827 741 in
849 706 920 741 foro

138 756 382 791 sacramentali
399 755 546 801 quilibet
560 754 810 796 confessarius;
825 759 921 789 extra

141 803 252 838 forum
291 802 546 838 sacramentale
583 803 784 847 quicunque
819 802 921 836 iuris-

138 850 329 885 dictionem
367 850 402 885 in
444 850 515 885 foro
551 854 693 885 externo
732 849 857 884 habeat
884 849 920 882 in

140 908 260 941 reum;

211 944 249 979 ’20
278 944 304 979 Α
339 955 489 979 censura
524 943 563 978 ab
597 942 740 986 homine,
771 943 840 985 ille,
867 943 920 977 cui

140 1002 289 1027 censura
314 996 489 1027 reservata
514 995 564 1026 est
590 990 631 1025 ad
661 1001 820 1025 normam
845 1001 921 1025 can.

141 1037 246 1080 2245,
272 1043 291 1081 ἓ
317 1038 358 1081 ⁶.‘.;
385 1039 457 1085 ipse
487 1043 603 1073 autem
641 1042 750 1083 potest
784 1038 923 1073 absolu-

141 1087 272 1122 tionem
314 1086 515 1129 concedere,
555 1085 691 1120 etiamsi
736 1097 814 1120 reus
855 1085 924 1120 alio

141 1133 357 1169 domicilium
380 1133 431 1169 vel
450 1132 786 1179 quasi-domicilium
814 1138 924 1167 trans-

143 1181 281 1221 tulerit;

215 1227 252 1263 3⁰
281 1229 307 1263 A
338 1238 486 1263 censura
512 1239 531 1262 α
558 1227 631 1261 inre
658 1234 838 1269 reservata,
866 1227 925 1262 illc

143 1276 201 1322 qui
229 1286 413 1311 censuram
441 1274 621 1310 constituit
656 1274 708 1309 vel
735 1275 788 1310 cui
816 1285 923 1309 reser-

1716 118 1763 152 89

995 240 1073 269 vata
1093 239 1155 276 est,
1175 241 1366 280 eorumque
1386 246 1601 271 successores
1620 241 1678 270 aut
1697 247 1770 270 com

991 287 1146 327 petentes
1162 281 1364 326 Superiores
1389 287 1448 317 aut
1473 282 1633 327 delegati.
1655 281 1770 326 Quare

990 340 1009 363 a
1036 340 1185 364 censura
1211 328 1563 376 reservata‘Episcopo
1590 330 1640 365 vel
1673 328 1770 365 Ordi-

990 376 1099 415 narz'O,
1119 376 1265 421 quilibet
1283 374 1493 411 Ordinarins
1510 377 1687 412 absolvere
1715 388 1771 423 po-

991 428 1057 458 test
1084 434 1167 457 suos
1192 423 1363 463 subditos,
1381 423 1444 458 loci
1466 435 1544 459 vero
1562 422 1772 459 Ordinarius

991 470 1095 505 etiam
1126 470 1343 516 peregrinos:
1372 482 1390 505 a
1410 476 1582 506 reservata
1597 470 1673 506 Sodi
1686 471 1772 517 Apo-

991 517 1138 556 stolicae‚
1166 518 1249 552 haec
1276 517 1378 552 aliive
1404 518 1461 563 qui
1489 518 1689 553 absolvendi
1720 530 1774 564 po-

993 569 1150 600 testatem
1170 564 1213 599 ab
1232 576 1271 599 ca
1291 565 1554 610 impetraverint
1577 566 1648 600 sive
1673 576 1776 610 gene-

994 612 1115 651 ralem,
1144 612 1170 646 si
1199 623 1346 647 censura
1376 612 1573 658 simpliciter
1605 620 1773 648 reservata

993 659 1047 699 sit,
1075 659 1146 693 sive
1173 659 1414 705 specialem,si
1441 666 1609 694 reservata
1635 659 1774 706 speciali

993 705 1099 746 modo,
1126 706 1198 741 sive
1228 706 1380 751 denique
1413 707 1716 752 specialissimam,
1744 707 1771 741 si

994 761 1162 789 reservata
1180 753 1423 799 specialissimo
1442 754 1547 791 modo,
1569 754 1662 789 salvo
1681 765 1774 800 prae-

994 801 1123 846 scripto
1149 812 1226 835 can.
1258 799 1363 835 2254.

1043 847 1128 883 CAN.
1158 846 1262 883 2254.
1285 868 1306 874 -
1327 851 1346 890 ξ
1370 847 1398 882 l.
1420 848 1457 882 lu
1485 847 1623 883 casibus
1650 858 1775 892 urgen-

995 895 1154 936 tioribus,
1181 896 1207 929 si
1238 906 1363 941 nempe
1389 905 1556 930 censurae
1584 895 1672 930 latae
1698 906 1774 929 sen-

996 943 1126 978 tentiae
1152 943 1304 978 exterius
1337 943 1465 977 servari
1498 947 1673 988 nequeant
1701 942 1776 977 sine

998 990 1149 1036 periculo
1182 991 1297 1035 gravis
1331 990 1486 1025 scandali
1517 991 1566 1025 vel
1595 989 1774 1027 infamiae,

996 1042 1055 1073 ant
1082 1038 1108 1071 si
1137 1038 1262 1072 durum
1302 1036 1345 1071 sit
1386 1037 1576 1083 poenitenti
1614 1037 1648 1071 in
1683 1042 1775 1071 statu

997 1085 1112 1129 gravis
1152 1085 1280 1131 peccati
1323 1095 1525 1129 permanere
1556 1095 1616 1130 per
1641 1090 1778 1130 tempus

998 1132 1233 1167 necessarium
1255 1137 1290 1167 ut
1305 1132 1469 1177 Superior
1487 1136 1687 1177 competens
1708 1142 1779 1177 pro-

1000 1180 1123 1221 videat,
1162 1184 1244 1214 tunc
1284 1179 1430 1225 quilibet
1469 1179 1703 1214 confessarius
1742 1179 1776 1212 in

1000 1227 1071 1262 soro
1110 1227 1354 1262 sacramentali
1390 1227 1434 1261 ab
1467 1227 1611 1268 eisdem,
1641 1237 1779 1272 quoquo

999 1274 1101 1309 modo
1127 1274 1323 1317 reservatis,
1352 1274 1532 1309 absolvere
1572 1278 1692 1320 potest,
1726 1274 1779 1307 in-

788 1401 830 1406 —
860 1381 953 1416 notio
979 1392 1017 1416 ac
1044 1381 1243 1416 adhibenda
1270 1381 1533 1427 circumspectio
1569 1380 1655 1415 Can.
1688 1379 1773 1415 2241

490 1495 533 1501 —
577 1475 744 1521 infligen—
797 1495 831 1499 —
858 1475 900 1510 ob
924 1475 1088 1511 delictum
1124 1486 1202 1510 cum
1231 1476 1463 1510 determinata
1491 1487 1572 1511 con-

512 1523 566 1557 ‹lis
728 1544 767 1548 —
810 1523 962 1558 tumacia
1619 1538 1632 1554 n
1690 1522 1781 1557 2242

788 1639 829 1642 —
859 1629 916 1662 per
931 1618 1142 1653 sententiam
1172 1618 1222 1653 vel
1242 1618 1283 1653 ad
1306 1618 1446 1653 modum
1478 1628 1572 1663 prae-

810 1666 898 1711 cepti
1620 1680 1632 1695 »ι
1691 1664 1781 1699 2243

495 1805 535 1809 —
569 1783 752 1829 quotupli-
790 1781 835 1785 —
863 1759 941 1794 illae
969 1760 1247 1806 multiplicentur
1622 1775 1636 1792 »
1692 1758 1779 1793 2244

516 1836 600 1866 mter
731 1851 772 1857 ’““
790 1876 835 1880 -
861 1855 1127 1900 distinguantur
1152 1855 1194 1891 ob
1222 1856 1470 1891 revelationem
1621 1870 1635 1887 »
1692 1853 1783 1890 ‘2⁴24ss

236 1948 349 1994 Caput
375 1949 385 1985 l
792 1971 835 1976 —
862 1950 927 1985 sub
954 1962 1023 1995 qua
1045 1950 1256 1986 conditione.
1281 1950 1571 1996 interpretatione

151 1995 196 2031 De
227 1998 384 2033 censuris
419 1998 455 2032 in
498 2018 539 2022 -
577 2007 754 2032 reservan-
786 2001 788 2007 ⁴
819 1998 945 2043 quidve
972 1998 1127 2044 implicet
1624 2011 1637 2028 »
1693 1995 1783 2031 2246

172 2055 299 2089 genere
437 2067 479 2070 —
518 2044 572 2079 dis
732 2066 776 2070 —

795 2113 835 2117 —
864 2104 942 2127 cum
971 2092 1100 2138 quibus
1130 2092 1214 2127 iuris
1240 2092 1509 2128 limitationibus
1625 2106 1639 2123 ›>
1694 2090 1783 2126 2247

788 2202 836 2214 r—
865 2188 1062 2222 necessario
1088 2192 1121 2222 et
1147 2198 1297 2233 quacum
1325 2187 1465 2233 sequela
1625 2200 1638 2218 υ
1693 2184 1784 2220 ’2248

788 2275 837 2308 1-
864 2293 942 2317 cum
971 2282 1108 2318 diversa
1134 2282 1368 2328 amplitudine
1626 2296 1640 2311 ι)
1694 2279 1784 2315 ’2249

491 2339 541 2354 <-—
571 2327 753 2364 absolven—
789 2362 791 2367 ,

520 2377 575 2411 dis
735 2397 778 2402 —
797 2398 837 2402 —
865 2377 969 2412 simul
987 2377 1037 2412 vel
1055 2377 1240 2412 seiunctim
1259 2388 1279 2412 a
1296 2377 1444 2423 peccatis
1465 2387 1576 2422 quave

819 2425 883 2459 sub
910 2425 1021 2459 forma
1627 2437 1640 2455 »
1695 2422 1785 2458 2250

797 2539 838 2544 —
867 2530 925 2565 pro
951 2530 1019 2564 quo
1047 2519 1118 2554 foro
1628 2532 1640 2548 υ
1696 2515 1783 2551 2251

798 2623 1008 2659 -mperquos
1041 2633 1090 2657 1—
1118 2613 1153 2647 in
1184 2613 1334 2658 periculo
1362 2613 1482 2648 mortis
1629 2626 1642 2643 ›>
1697 2610 1787 2645 2252

854 2665 886 2695 et
906 2672 973 2707 quo

795 2709 896 2743 modo
982 2729 1025 2733 -
1048 2712 1195 2743 —extra
1207 2718 1294 2742 mor·
1325 2720 1375 2741 i—
1401 2707 1577 2742 ordinarie
1629 2721 1643 2737 »
1697 2704 1787 2740 *2253

1080 2756 1124 2789 tis
1152 2755 1281 2801 pericu-

1087 2802 1158 2837 lum
1260 2823 1301 2826 —
1339 2822 1375 2825 —
1393 2801 1426 2835 in
1439 2800 1578 2836 casibus

1328 2847 1586 2893 urgentioribus
1628 2861 1642 2878 ι)
1696 2849 1705 2865 ⁵
