1981 3182
1712 0 1736 10 ι’
1751 0 1976 69 rra-ww&

232 143 277 175 52
708 142 792 176 Lm.
822 142 869 176 V.
898 162 910 167 -
938 142 1049 177 PARS
1075 142 1125 178 Π.
1154 164 1162 167 -
1189 142 1245 177 De
1263 146 1403 187 poenis
1647 142 1740 178 Can.
1767 143 1862 178 2218

231 262 324 305 (lali
355 268 393 305 el
427 262 573 305 damni
607 265 723 305 iuxta·
753 276 800 305 ea
834 276 940 320 quae
974 264 1011 305 in
1046 263 1367 306 commentando
1401 276 1490 307 can.
1519 263 1631 306 2195
1666 264 1860 318 diximus7

232 338 356 391 atque
390 333 482 376 talis
515 338 574 376 est
607 334 814 390 generalis
849 346 1006 377 norma.

349 404 544 461 Sequitur
578 403 798 457 explicatio
835 407 1029 460 postremi
1064 406 1295 448 commatis.
1332 404 1503 461 Propter
1535 405 1643 448 dicta
1684 405 1864 462 loquitur

232 480 536 532 consequenter
568 487 724 518 canon:
760 488 891 532 qnare
932 473 1096 517 attendi
1139 474 1283 517 debent
1327 489 1405 518 non
1438 475 1559 518 inodo
1591 480 1628 525 a)
1662 475 1860 519 obiectum

232 550 270 587 el
300 545 493 602 qrari'las
536 545 654 603 leyis,
697 560 747 589 ex
781 545 931 602 quibus
974 545 1148 599 singulis
1186 546 1486 589 «desumenda
1521 552 1581 590 est
1615 547 1793 605 qualitas
1824 553 1863 591 et

231 618 414 669 gravitas
446 616 629 659 delicti»
669 615 777 673 (can.
813 616 960 672 2196),
993 615 1066 658 secl
1108 616 1236 658 enam
1277 616 1317 673 b)
1348 622 1491 671 netas,
1529 633 1550 658 ((
1574 630 1681 675 quae
1715 620 1863 661 minuit

232 687 370 730 delicti
405 687 768 743 inmutabilitatem
813 701 860 730 eo
907 689 1039 742 magis
1072 700 1152 744 quo
1186 688 1235 730 ad
1273 689 1484 731 infantiam
1523 691 1714 745 proprius
1746 701 1864 733 acce-

231 758 334 800 dit»
372 758 479 814 (σευ).
515 758 662 813 2204),
696 757 735 814 c)
769 757 945 800 seientia
978 757 1267 814 quaelibet,ac
1291 761 1534 813 praesertim
1567 758 1668 815 legis
1702 771 1864 815 praece-

233 831 374 885 ptique
410 831 654 885 transgressi
690 827 798 882 (can.
821 828 968 885 2202),
1002 827 1048 884 d)
1081 828 1309 881 institutio,
1333 842 1438 886 quae
1463 832 1594 886 magis
1631 830 1692 873 vel
1730 832 1864 873 minus

232 900 460 942 naturalem
512 899 604 943 boni
657 902 842 942 notitiam
892 904 931 942 et
974 902 1203 955 appetitum
1248 905 1384 956 auget,
1419 899 1457 957 e)
1507 914 1644 951 semus,
1696 905 1862 957 propter

233 970 478 1014 muliebrem
522 970 779 1014 debilitatem
823 983 1105 1026 communem,
1139 969 1170 1027 Γ)
1205 970 1405 1023 conditio,
1440 976 1522 1014 tum
1559 971 1737 1024 socialis,
1777 977 1862 1014 tum

232 1044 473 1098 praesertim
499 1044 766 1085 oeconomica
802 1043 1090 1084 necessitatem
1128 1042 1340 1094 inducens,
1367 1041 1410 1098 g)
1435 1047 1572 1084 slatus
1596 1042 1747 1084 inentis
1770 1047 1864 1085 actu

230 1112 528 1170 delinquentis,
549 1115 662 1156 iuxta
686 1115 856 1155 canonis
882 1112 986 1155 2201
1020 1112 1358 1161 declarationem,
1380 1112 1422 1170 n)
1447 1112 1637 1169 definitas
1658 1127 1866 1171 personae

232 1189 400 1240 propter
433 1197 556 1241 quam
596 1183 838 1227 «delictum
875 1188 1053 1239 augetur
1078 1200 1096 1224 »
1135 1186 1239 1239 (can.
1263 1184 1389 1234 2207,
1414 1183 1480 1237 10),
1502 1190 1538 1227 et
1574 1198 1681 1242 qnae
1712 1183 1864 1227 delicto

229 1255 443 1311 singulari,
480 1255 705 1298 adversum
750 1255 859 1312 quod
907 1268 1035 1311 poena
1081 1255 1334 1307 decernitur,
1369 1255 1611 1313 offenditur,
1647 1262 1721 1298 an!
1760 1270 1867 1313 qnae

231 1326 465 1369 huiusmodi
501 1325 702 1368 delictum
736 1325 972 1373 communit,
1009 1325 1037 1382 i)
1072 1326 1168 1381 finis
1193 1326 1394 1378 intentus,
1420 1340 1525 1383 quae
1554 1330 1865 1370 circumstantia

232 1402 359 1452 potest
384 1410 537 1453 augere
566 1396 626 1439 vel
656 1399 842 1439 minuere
866 1396 1207 1452 culpabilitatem,
1229 1403 1347 1453 prout
1373 1398 1440 1440 ille
1468 1410 1621 1453 pravus
1648 1398 1708 1441 vel
1735 1398 1866 1441 bonus

231 1470 268 1510 in
302 1482 345 1511 se
380 1469 515 1519 fuerit„
552 1468 595 1524 k)
629 1467 743 1511 loeus
777 1474 815 1510 el
851 1473 1012 1525 tempus
1045 1482 1140 1524 qno,
1176 1471 1232 1511 uti
1265 1472 1588 1512 circumstantiis
1620 1472 1866 1513 extrinsecis

228 1539 469 1583 scandalum
506 1541 689 1582 fortassis
725 1539 1031 1590 imlucentibus‚
1061 1540 1121 1583 vel
1149 1539 1287 1583 delicti
1322 1545 1459 1583 actum
1487 1543 1618 1597 magis
1642 1541 1864 1597 deturpan-

231 1610 352 1665 tibus‚
387 1611 651 1653 commissum
683 1615 758 1664 est,
793 1624 889 1653 num
925 1609 953 1667 l)
989 1624 1039 1653 ex
1070 1610 1286 1668 passionis
1320 1610 1479 1668 inipetu
1508 1616 1633 1669 atque
1657 1611 1733 1655 sub
1758 1611 1866 1654 illius

229 1682 493 1725 distinctione
527 1682 575 1724 ad
613 1695 800 1725 normam
836 1694 926 1725 can.
963 1682 1092 1733 2206,
1128 1682 1182 1737 m‘ji
1218 1681 1278 1723 vel
1312 1681 1357 1724 ob
1389 1695 1561 1738 yravem
1596 1688 1762 1735 melam,
1795 1685 1863 1740 qui

235 1768 255 1793 «
280 1752 642 1809 imputabilitatem
681 1755 827 1795 minuit
855 1752 915 1796 vel
954 1755 1115 1808 penitus
1148 1753 1250 1795 tollit
1275 1769 1294 1793 2>
1327 1753 1435 1809 (can.
1464 1753 1588 1808 2205,
1612 1752 1670 1811 ἐξ
1694 1754 1716 1795 2
1741 1759 1779 1796 et
1805 1754 1862 1808 3),

229 1823 478 1881 delinquens
511 1825 658 1881 eqerit,
694 1824 733 1877 n)
769 1838 866 1866 nnm
909 1838 1001 1865 enin
1043 1823 1189 1866 delicti
1229 1824 1504 1881 peenilzterit,
1541 1838 1635 1867 cum
1677 1838 1781 1867 unus
1815 1838 1862 1868 ex

231 1908 457 1951 poenarum
494 1895 644 1938 linibus
677 1895 870 1938 obtentus
901 1897 959 1938 sic
996 1895 1133 1947 fuerit,
1168 1895 1208 1950 o)
1245 1894 1512 1952 eiusdemque
1536 1895 1669 1938 malos
1697 1895 1865 1953 effeetus

234 1982 254 2007 «
277 1966 459 2009 scandali
495 1971 534 2009 et
568 1967 707 2009 damni
733 1982 752 2007 ›>
791 1966 951 2009 evitare
985 1966 1072 2023 ipse
1101 1965 1329 2019 slmlnerz'l,
1351 1979 1502 2009 curans
1525 1971 1563 2009 et
1588 1968 1770 2010 tortassis
1793 1966 1863 2021 ob-

231 2040 363 2080 tineus
396 2038 498 2080 alios
534 2050 758 2093 poenarum
794 2050 953 2092 scopos,
979 2036 1151 2093 aliaque
1183 2036 1361 2090 sinnida,
1384 2049 1489 2093 quae
1514 2050 1663 2093 nempe
1686 2039 1735 2080 ad
1767 2053 1785 2077 «
1807 2050 1866 2080 ra-

232 2111 381 2151 tionein
418 2108 763 2164 imputabilitatis,
797 2108 980 2151 scandali
1016 2113 1055 2151 et
1089 2108 1229 2151 damni
1255 2124 1274 2148 ))
1312 2111 1557 2164 pertineant.

347 2178 536 2235 Exempli
572 2192 695 2222 causa
732 2178 969 2222 Decretales
1002 2179 1203 2236 quasdam
1231 2178 1521 2233 transcribam,
1545 2192 1652 2236 quae
1675 2179 1864 2222 diversas

229 2252 562 2292 circumstantias
595 2249 716 2292 simul
754 2252 791 2292 iu
828 2263 1023 2306 responso
1058 2251 1338 2295 considerant.
1374 2250 1471 2292 dnm
1516 2249 1654 2305 plures
1687 2249 1791 2292 aliae
1824 2252 1862 2292 in

228 2319 391 2364 Codicis
424 2320 759 2364 adnotatitmibus
793 2320 950 2364 consuli
981 2325 1148 2377 queant.
1188 2320 1321 2362 l'riino
1345 2320 1463 2363 Alex.
1489 2319 1539 2362 lll
1571 2322 1629 2363 sic
1664 2321 1864 2376 interpre-

231 2396 339 2434 tatur
373 2394 848 2435 excommunicationem
883 2394 1054 2435 canonis
1090 2392 1317 2447 urgendani
1358 2391 1419 2434 rel
1455 2404 1533 2433 nou
1571 2393 1608 2433 in
1643 2390 1810 2434 casibus
1835 2391 1862 2431 ¹.

236 2477 255 2502 ((
281 2462 607 2518 Respondemus,
633 2463 740 2520 quod
776 2465 807 2505 si
844 2463 983 2506 clerici
1013 2463 1123 2505 infra·
1141 2462 1317 2518 puberes
1351 2475 1479 2505 annos
1511 2475 1555 2505 se
1578 2462 1628 2505 ad
1657 2464 1863 2506 invicem:

229 2537 297 2575 aut
334 2546 438 2575 tinus
471 2533 645 2576 alterum
684 2536 977 2589 percusserint,
1004 2546 1081 2575 non
1107 2538 1201 2575 sunt
1224 2533 1273 2575 ad
1300 2533 1581 2588 Apostolicam
1605 2532 1745 2575 sedem
1775 2535 1864 2575 init-

231 2603 356 2654 tendi,
391 2606 485 2660 quia
521 2617 590 2647 eos
623 2610 735 2647 aetas
768 2610 952 2647 excusat.
989 2603 1072 2647 Nec
1106 2604 1260 2652 clerici,
1286 2606 1317 2646 si
1342 2609 1436 2646 sunt
1464 2603 1608 2660 plenae
1642 2605 1800 2655 aetatis,
1824 2608 1862 2646 et

232 2687 309 2716 non
345 2674 452 2725 odio,
490 2675 551 2717 vel
590 2675 760 2725 invidia,
800 2675 860 2718 vel
898 2675 1194 2731 indignatione,
1238 2675 1309 2717 sed
1356 2674 1523 2718 levitate
1568 2677 1702 2717 iocosa
1735 2687 1778 2716 se
1812 2674 1862 2717 ad

231 2747 410 2788 invicem
438 2751 654 2801 percutere
679 2748 912 2802 contingat:
950 2759 1083 2803 neque
1111 2748 1321 2801 magister,
1346 2747 1377 2788 si
1402 2744 1633 2788 scholarem
1663 2744 1862 2787 clericum

351 2898 360 2918 1
390 2897 480 2942 cap.
513 2899 544 2939 1,
575 2897 653 2930 Tit.
684 2897 873 2937 XXXIX,
905 2898 975 2932 nn,
1020 2899 1062 2939 V,
1091 2898 1139 2931 x.
