1981 3182
120 147 214 186 Can.
240 149 444 184 2392-2394
494 150 580 184 ΤιΤ.
609 150 757 184 XVIII.
787 171 798 176 -
827 151 883 185 De
907 152 979 186 del.
1003 155 1045 186 in
1071 153 1157 187 coll.
1178 154 1260 187 ben».
1281 154 1368 188 ecc-l.
1680 155 1748 189 309

120 273 262 314 stricto
294 283 415 313 sensu
451 270 559 327 (can.
597 270 713 327 145),
747 270 955 326 benefieiis
988 284 1077 315 can.
1118 272 1241 326 1409,
1276 279 1349 315 accc
1382 272 1661 331 diym'talibus
1693 290 1751 318 ee-

121 340 374 383 clesiaslieis
396 354 431 384 V.
452 355 514 397 gr.
534 340 798 398 Episcopatu,
817 340 1081 385 cardinalatu
1100 360 1106 386 :
1130 369 1180 373 ν-
1202 343 1243 385 10
1269 342 1496 387 Incurrunt
1520 345 1562 387 in
1592 360 1750 390 eoeeom-

121 410 447 454 municationem
481 411 595 454 [alae
627 412 861 463 sententiae
892 411 996 454 Secti
1028 413 1295 466 Apostolz'eae
1332 414 1583 472 simpliciter
1614 430 1749 459 reser-

122 487 286 533 vatam;
316 482 386 525 sed
427 483 509 526 «S.
544 482 589 526 R.
625 482 669 525 E.
704 482 945 527 Cardinales
978 483 1054 526 sub
1099 483 1174 527 hac
1220 484 1310 540 lege
1355 499 1432 528 non
1478 487 1748 543 comprehen-

121 552 318 595 duntur»
357 553 407 595 ad
450 566 637 596 normam
674 566 763 597 can.
791 553 917 607 2227,
957 552 985 610 ἓ
1020 554 1065 598 2:
1103 580 1153 584 —-
1179 554 1227 597 2⁰
1255 555 1345 612 Ipso
1378 554 1491 613 faelo
1522 557 1683 613 privati
1705 558 1749 601 in

119 628 368 681 perpetuum
394 630 564 667 manent
587 624 680 667 iure
712 624 752 681 a)
787 623 984 680 eliyendi,
1011 624 1053 680 1))
1075 625 1397 681 praesentandi,
1422 626 1461 683 c)
1486 628 1749 679 nominandi,

122 694 160 736 si
192 693 302 751 quod
335 693 537 745 habeon&
569 700 611 738 ut
643 708 720 751 ego
755 699 852 750 puto
887 700 1077 751 respectu
1114 695 1221 739 illius
1254 697 1391 750 oflicii,
1426 702 1501 741 etc.
1538 713 1609 755 pro
1633 702 1751 743 cuius

123 766 360 821 provisione
393 768 690 809 commiserunt
714 768 932 808 simoniam
960 766 1236 821 praedictam3
1263 768 1496 811 —Poenae
1520 769 1596 813 sub
1619 784 1685 813 nn.
1708 770 1750 813 vl⁰

122 839 161 878 et
196 835 240 877 20
274 840 415 879 tenent
458 836 632 879 clericos
675 840 713 878 et
758 835 896 891 laicos,
935 836 1102 879 additur
1144 839 1276 880 enim:
1310 839 1358 881 3⁰
1394 838 1439 881 Si
1472 839 1615 882 elerici
1646 841 1744 887 sint,

119 911 345 963 praeterea
379 906 706 963 suspendentem:
746 907 876 950 l'oena
911 912 970 951 est
1008 907 1202 950 serendae
1245 911 1473 952 sententiae
1507 910 1576 953 sed
1616 911 1752 954 verbis

124 979 400 1033 praeceptivis
432 991 639 1033 expressa.
676 977 792 1034 (Cam.
828 978 955 1032 2223,
988 978 1015 1036 ξ
1050 979 1100 1030 3).

243 1047 339 1090 238.
378 1050 700 1095 Conferentes
745 1051 972 1106 neglecta
1015 1052 1143 1095 illius
1185 1052 1482 1097 auctoritate
1515 1054 1589 1097 cui
1623 1067 1751 1098 com-

123 1120 260 1175 petit.
285 1144 336 1148 —
365 1117 466 1161 Can.
484 1121 613 1162 2393
637 1122 813 1176 protegit
838 1122 899 1163 ius
922 1120 1194 1163 contirmandi
1220 1133 1266 1164 ac
1292 1122 1528 1165 instituendi
1562 1127 1750 1181 sequenti

122 1183 358 1232 sanctione(
387 1188 538 1232 Onmes
582 1191 653 1248 qui
698 1191 789 1233 iure
820 1192 857 1233 a}
892 1190 1091 1247 eli'yensli,
1123 1196 1161 1234 et
1195 1194 1387 1248 quamvis
1432 1192 1522 1235 laici
1557 1193 1600 1250 b)
1632 1208 1752 1251 prae-

122 1259 321 1303 sentandi
363 1263 398 1303 vi
446 1263 546 1304 iuris
586 1266 840 1318 patronatus,
874 1261 913 1318 c)
951 1261 1011 1304 rel
1045 1262 1292 1305 nonu'namli
1324 1276 1371 1306 ex
1410 1263 1628 1320 privilegio
1659 1278 1750 1321 apo-

123 1330 267 1374 stolico
301 1330 488 1389 leyilime
519 1332 568 1376 ad
604 1332 767 1376 Codicis
802 1345 988 1376 normam
1023 1332 1242 1390 fruuntur,
1277 1347 1356 1377 non
1391 1334 1457 1377 alii
1486 1348 1522 1380 v,
1547 1349 1607 1392 gr.
1639 1352 1657 1377 ((
1682 1350 1750 1393 ρ3-

125 1405 261 1445 rentes
283 1401 346 1445 vel
371 1407 527 1446 tutores
549 1402 767 1446 acatholici
788 1419 807 1444 »
832 1408 869 1446 et
890 1406 1071 1447 minores
1094 1406 1131 1446 in
1157 1416 1269 1459 casu,
1288 1418 1335 1447 eo
1353 1405 1462 1462 quod
1487 1405 1537 1449 ad
1564 1420 1749 1450 normam

124 1484 214 1516 can.
241 1473 352 1516 1456
383 1489 402 1514 <t
428 1476 488 1517 ius
523 1479 761 1530 patronatus
796 1477 957 1534 interim
992 1488 1236 1530 suspensum
1274 1480 1408 1519 manet
1427 1492 1467 1530 >)‚
1490 1476 1528 1519 si
1549 1477 1752 1536 neylecla,

124 1544 197 1586 etsi
233 1557 311 1587 non
346 1549 512 1601 propter
545 1549 842 1602 contemptum,
875 1546 946 1589 sed
992 1548 1044 1588 ita
1090 1545 1321 1589 voluntarie
1362 1551 1403 1589 ut
1434 1547 1540 1590 adsit
1571 1547 1649 1592 hoc
1681 1550 1750 1592 ‹le-

125 1613 280 1670 lictum,
316 1615 572 1659 auctoritate
606 1615 723 1658 illias
755 1616 823 1658 eui
855 1616 896 1673 a)
932 1616 1193 1673 confirmatio
1230 1616 1270 1673 b)
1308 1616 1368 1660 rel
1400 1617 1612 1662 institutio
1646 1633 1751 1663 eom-

121 1685 241 1741 petit,
275 1687 316 1743 a)
350 1685 544 1742 officium,
581 1686 622 1743 b)
657 1685 897 1743 beneficium
940 1693 1013 1729 aut
1047 1687 1086 1744 c)
1120 1686 1370 1744 clz'qm'lalem
1413 1688 1754 1744 ecelesmstieam,

125 1760 245 1811 prout
278 1755 381 1800 haec
418 1756 542 1801 verba
579 1759 745 1801 t'uerunt
777 1757 986 1801 declarata
1028 1760 1064 1800 in
1105 1771 1194 1802 can.
1231 1771 1381 1814 praec„
1416 1758 1608 1817 conferre
1639 1767 1752 1804 certo

125 1826 308 1870 invalide
330 1827 380 1871 acl
407 1840 594 1871 normam
619 1841 708 1872 can.
737 1828 832 1883 1217,
862 1828 956 1881 148,
976 1829 1355 1887 praesumpserint,
1374 1829 1554 1873 scilicet:
1584 1830 1753 1876 absente

129 1912 151 1937 «
171 1896 499 1954 imputabilitalis
532 1900 819 1942 imminutione
852 1900 941 1942 sive
975 1912 1022 1942 ex
1059 1904 1174 1956 parte
1199 1899 1430 1943 intellectus
1452 1902 1541 1944 sive
1564 1914 1612 1944 ex
1638 1908 1753 1958 parte

130 1967 350 2011 voluntatis
374 1984 394 2009 )>
433 1968 541 2026 (can.
578 1969 705 2022 2229,
736 1970 764 2026 ξ
798 1969 852 2025 Ξ),
885 1984 960 2013 suo
996 1970 1087 2012 iure
1134 1970 1185 2013 tle
1233 1984 1314 2027 quo
1355 1983 1479 2027 supra
1519 1975 1753 2028 respectivo

123 2051 202 2096 pro
234 2052 284 2081 ea
316 2039 402 2082 viee
445 2040 691 2097 providendi
732 2041 822 2098 ipso
855 2040 969 2098 sacto
1000 2040 1162 2098 privati
1196 2046 1376 2084 manent.
1411 2041 1527 2085 Unde
1560 2055 1753 2099 praesen·

127 2111 224 2153 tatio
261 2109 323 2153 vet
358 2113 584 2155 nominatio
618 2116 706 2169 post
740 2112 817 2156 hoc
851 2112 1046 2156 delictum
1093 2111 1245 2155 nullam
1285 2114 1366 2155 vim
1402 2112 1573 2156 haberet
1610 2114 1752 2157 iuridi-

127 2194 231 2233 cam‚
264 2193 312 2225 ac
346 2186 407 2226 est
440 2181 554 2226 locus
591 2183 847 2226 devolutioni
893 2182 1046 2226 liberae
1089 2184 1338 2238 provisionis
1379 2183 1427 2226 ad
1473 2184 1752 2240 Superiorem.

221 2252 343 2310 ⁴239.
381 2254 565 2300 Contra
597 2256 849 2311 illegitime
882 2256 1051 2301 officia
1083 2258 1384 2311 occupantes
1422 2256 1499 2300 vel
1533 2269 1587 2301 se
1619 2257 1755 2313 inge-

127 2327 292 2370 rentes
324 2326 372 2369 in
407 2339 481 2370 ea.
516 2349 569 2354 —
603 2324 747 2379 Quoad
785 2324 967 2381 legitime
999 2326 1200 2381 provisos,
1234 2323 1294 2367 vel
1331 2326 1368 2366 in
1407 2327 1469 2368 via
1505 2327 1753 2381 provisionis

128 2396 293 2450 positos,
327 2399 388 2439 est
421 2394 528 2438 latus
561 2410 652 2438 ean.
685 2397 824 2439 2394.
865 2395 947 2449 Qui
979 2394 1233 2451 beneficium,
1269 2394 1445 2452 officinm
1479 2395 1539 2438 vel
1571 2394 1755 2453 (liquitu-

128 2470 207 2507 l-em
240 2465 582 2522 eeclesiasticam,
616 2471 659 2509 ut
693 2469 730 2509 in
764 2480 853 2510 ean.
890 2466 1001 2509 2392
1036 2467 1201 2509 luerunt
1233 2465 1455 2519 declarata,
1476 2467 1655 2524 propria
1679 2481 1751 2510 au-

127 2535 324 2579 ctoritate
354 2537 633 2595 occupaverit,
652 2537 830 2581 scilicet:
869 2538 981 2580 velut
1014 2539 1181 2593 capiens
1215 2539 1528 2593 possessionem,
1553 2539 1641 2580 sive
1665 2551 1755 2595 pro-

127 2666 278 2710 porales
304 2678 372 2711 pro
398 2667 694 2713 temporalibus,
722 2667 756 2702 si
783 2667 821 2701 id
848 2667 895 2701 ob
922 2666 1141 2712 periculum
1168 2666 1448 2701 irreverentiae
1475 2677 1567 2711 erga
1591 2677 1652 2700 res
1679 2667 1754 2711 spi-

127 2714 292 2748 rituales
318 2713 365 2748 ab
391 2714 566 2749 Ecclesia
591 2714 860 2760 prohibeatur,
889 2719 949 2748 est
975 2714 1143 2748 simonia
1168 2714 1264 2747 iuris
1291 2713 1562 2747 ecclesiastici.

246 2760 339 2795 Can.
368 2761 450 2795 728.
480 2764 577 2797 Cum
596 2762 642 2797 de
660 2762 826 2796 simonia
845 2762 992 2807 agitur,
1015 2760 1369 2805 emptio-venditio,
1389 2760 1645 2806 permutatio,
1666 2764 1753 2800 etc.,

130 2808 207 2842 late
234 2808 482 2854 accipiendae
513 2814 608 2844 sunt
646 2821 714 2854 pro
753 2809 928 2854 qualibet
966 2808 1242 2851 conventione⁷
1272 2808 1366 2842 licet
1392 2808 1439 2842 ad
1466 2807 1649 2842 effectum
1675 2819 1753 2841 non

131 2855 312 2899 deducta,
340 2856 460 2890 etiam
488 2857 621 2897 tacita,
652 2857 689 2890 in
729 2868 804 2901 qua
841 2856 992 2890 scilicct
1022 2855 1177 2889 animus
1203 2856 1443 2890 simoniacus
1470 2866 1649 2900 expresse
1675 2866 1754 2889 non

133 2902 423 2945 manifestetur,
451 2904 517 2938 sed
543 2915 591 2938 ex
618 2904 928 2938 circumstantiis
955 2903 1179 2948 colligatur.
