<?xml version="1.0" encoding="UTF-8"?>
<!DOCTYPE html PUBLIC "-//W3C//DTD XHTML 1.0 Transitional//EN"
    "http://www.w3.org/TR/xhtml1/DTD/xhtml1-transitional.dtd">
<html xmlns="http://www.w3.org/1999/xhtml" xml:lang="en" lang="en">
 <head>
  <title>
</title>
<meta http-equiv="Content-Type" content="text/html;charset=utf-8" />
  <meta name='ocr-system' content='tesseract 3.04.00' />
  <meta name='ocr-capabilities' content='ocr_page ocr_carea ocr_par ocr_line ocrx_word'/>
</head>
<body>
  <div class='ocr_page' id='page_1' title='image "./commentariumtext05blatuoft_0154.png"; bbox 0 0 1981 3182; ppageno 0'>
   <div class='ocr_carea' id='block_1_1' title="bbox 186 144 253 176">
    <p class='ocr_par' dir='ltr' id='par_1_1' title="bbox 186 144 253 176">
     <span class='ocr_line' id='line_1_1' title="bbox 186 144 253 176; baseline 0 0"><span class='ocrx_word' id='word_1_1' title='bbox 186 144 253 176; x_wconf 79' lang='lat'><strong>142</strong></span> 
     </span>
    </p>
   </div>
   <div class='ocr_carea' id='block_1_2' title="bbox 650 141 1352 184">
    <p class='ocr_par' dir='ltr' id='par_1_2' title="bbox 650 141 1352 184">
     <span class='ocr_line' id='line_1_2' title="bbox 650 141 1352 184; baseline 0 -9"><span class='ocrx_word' id='word_1_2' title='bbox 650 142 735 176; x_wconf 61' lang='lat' dir='ltr'><strong>Lus.</strong></span> <span class='ocrx_word' id='word_1_3' title='bbox 769 142 811 176; x_wconf 79' lang='lat' dir='ltr'><strong>V.</strong></span> <span class='ocrx_word' id='word_1_4' title='bbox 841 162 852 166; x_wconf 99' lang='lat'>-</span> <span class='ocrx_word' id='word_1_5' title='bbox 881 141 990 175; x_wconf 79' lang='lat' dir='ltr'>PARS</span> <span class='ocrx_word' id='word_1_6' title='bbox 1017 141 1069 174; x_wconf 81' lang='grc' dir='ltr'><strong>Π.</strong></span> <span class='ocrx_word' id='word_1_7' title='bbox 1098 161 1111 166; x_wconf 97' lang='grc'>-</span> <span class='ocrx_word' id='word_1_8' title='bbox 1137 141 1194 175; x_wconf 83' lang='lat' dir='ltr'><strong>De</strong></span> <span class='ocrx_word' id='word_1_9' title='bbox 1215 143 1352 184; x_wconf 75' lang='lat' dir='ltr'><strong>poenis</strong></span> 
     </span>
    </p>
   </div>
   <div class='ocr_carea' id='block_1_3' title="bbox 1648 0 1943 170">
    <p class='ocr_par' dir='ltr' id='par_1_3' title="bbox 1648 0 1943 170">
     <span class='ocr_line' id='line_1_3' title="bbox 1648 0 1773 11; baseline 0.016 -6"><span class='ocrx_word' id='word_1_10' title='bbox 1648 0 1687 10; x_wconf 32' lang='lat' dir='ltr'><strong>t*-</strong></span> <span class='ocrx_word' id='word_1_11' title='bbox 1701 0 1773 11; x_wconf 42' lang='lat' dir='ltr'><strong>gp.-z</strong></span> 
     </span>
     <span class='ocr_line' id='line_1_4' title="bbox 1936 108 1943 116; baseline 0 0"><span class='ocrx_word' id='word_1_12' title='bbox 1936 108 1943 116; x_wconf 61' lang='lat'><strong>⁴</strong></span> 
     </span>
     <span class='ocr_line' id='line_1_5' title="bbox 1931 158 1943 170; baseline 0 0"><span class='ocrx_word' id='word_1_13' title='bbox 1931 158 1943 170; x_wconf 63' lang='grc' dir='ltr'><strong>-ξ</strong></span> 
     </span>
    </p>
   </div>
   <div class='ocr_carea' id='block_1_4' title="bbox 186 199 1811 211">
    <p class='ocr_par' dir='ltr' id='par_1_4' title="bbox 186 199 1811 211">
     <span class='ocr_line' id='line_1_6' title="bbox 186 199 1811 211; baseline 0 0"><span class='ocrx_word' id='word_1_14' title='bbox 186 199 1811 211; x_wconf 95' lang='lat' dir='ltr'><strong> </strong></span> 
     </span>
    </p>
   </div>
   <div class='ocr_carea' id='block_1_5' title="bbox 182 259 971 1821">
    <p class='ocr_par' dir='ltr' id='par_1_5' title="bbox 182 259 962 401">
     <span class='ocr_line' id='line_1_7' title="bbox 230 259 962 295; baseline 0 -1"><span class='ocrx_word' id='word_1_15' title='bbox 230 260 312 295; x_wconf 55' lang='lat' dir='ltr'>CAN.</span> <span class='ocrx_word' id='word_1_16' title='bbox 340 260 445 295; x_wconf 85' lang='grc'><strong>2271.</strong></span> <span class='ocrx_word' id='word_1_17' title='bbox 478 282 493 285; x_wconf 99' lang='grc'>-</span> <span class='ocrx_word' id='word_1_18' title='bbox 528 259 561 295; x_wconf 81' lang='lat' dir='ltr'><strong>Si</strong></span> <span class='ocrx_word' id='word_1_19' title='bbox 600 260 823 295; x_wconf 81' lang='lat' dir='ltr'><strong>interdictum</strong></span> <span class='ocrx_word' id='word_1_20' title='bbox 861 260 962 295; x_wconf 80' lang='lat' dir='ltr'><strong>fuerit</strong></span> 
     </span>
     <span class='ocr_line' id='line_1_8' title="bbox 182 307 961 352; baseline -0.001 -10"><span class='ocrx_word' id='word_1_21' title='bbox 182 307 287 342; x_wconf 88' lang='lat' dir='ltr'><strong>locale</strong></span> <span class='ocrx_word' id='word_1_22' title='bbox 302 308 463 352; x_wconf 80' lang='lat' dir='ltr'><strong>generale</strong></span> <span class='ocrx_word' id='word_1_23' title='bbox 477 312 509 343; x_wconf 89' lang='lat' dir='ltr'><strong>et</strong></span> <span class='ocrx_word' id='word_1_24' title='bbox 526 307 699 343; x_wconf 73' lang='lat' dir='ltr'>interdicti</span> <span class='ocrx_word' id='word_1_25' title='bbox 716 307 852 342; x_wconf 86' lang='lat' dir='ltr'><strong>decreto</strong></span> <span class='ocrx_word' id='word_1_26' title='bbox 866 307 961 342; x_wconf 86' lang='lat' dir='ltr'><strong>aliud</strong></span> 
     </span>
     <span class='ocr_line' id='line_1_9' title="bbox 184 360 648 401; baseline 0 -13"><span class='ocrx_word' id='word_1_27' title='bbox 184 366 253 390; x_wconf 91' lang='lat' dir='ltr'><strong>non</strong></span> <span class='ocrx_word' id='word_1_28' title='bbox 281 360 443 390; x_wconf 78' lang='lat' dir='ltr'><strong>caveatur</strong></span> <span class='ocrx_word' id='word_1_29' title='bbox 469 366 648 401; x_wconf 78' lang='lat' dir='ltr'><strong>expresse:</strong></span> 
     </span>
    </p>

    <p class='ocr_par' dir='ltr' id='par_1_6' title="bbox 183 401 966 684">
     <span class='ocr_line' id='line_1_10' title="bbox 259 401 963 442; baseline 0 -6"><span class='ocrx_word' id='word_1_30' title='bbox 259 402 292 436; x_wconf 72' lang='grc' dir='ltr'><strong>1Ο</strong></span> <span class='ocrx_word' id='word_1_31' title='bbox 322 402 536 437; x_wconf 82' lang='lat' dir='ltr'><strong>Permittitur</strong></span> <span class='ocrx_word' id='word_1_32' title='bbox 586 401 731 442; x_wconf 79' lang='lat' dir='ltr'><strong>clericis,</strong></span> <span class='ocrx_word' id='word_1_33' title='bbox 774 401 963 437; x_wconf 86' lang='lat' dir='ltr'><strong>dummodo</strong></span> 
     </span>
     <span class='ocr_line' id='line_1_11' title="bbox 183 449 961 495; baseline 0.001 -13"><span class='ocrx_word' id='word_1_34' title='bbox 183 460 252 483; x_wconf 90' lang='lat' dir='ltr'><strong>non</strong></span> <span class='ocrx_word' id='word_1_35' title='bbox 293 449 363 483; x_wconf 92' lang='lat' dir='ltr'><strong>sint</strong></span> <span class='ocrx_word' id='word_1_36' title='bbox 403 450 466 495; x_wconf 92' lang='lat' dir='ltr'><strong>ipsi</strong></span> <span class='ocrx_word' id='word_1_37' title='bbox 507 449 734 494; x_wconf 81' lang='lat' dir='ltr'><strong>personaliter</strong></span> <span class='ocrx_word' id='word_1_38' title='bbox 774 449 961 488; x_wconf 79' lang='lat' dir='ltr'><strong>interdicti,</strong></span> 
     </span>
     <span class='ocr_line' id='line_1_12' title="bbox 183 496 961 532; baseline -0.001 -1"><span class='ocrx_word' id='word_1_39' title='bbox 183 496 301 531; x_wconf 85' lang='lat' dir='ltr'><strong>omnia</strong></span> <span class='ocrx_word' id='word_1_40' title='bbox 328 497 449 531; x_wconf 81' lang='lat' dir='ltr'><strong>divina</strong></span> <span class='ocrx_word' id='word_1_41' title='bbox 474 496 589 531; x_wconf 82' lang='lat' dir='ltr'><strong>officia</strong></span> <span class='ocrx_word' id='word_1_42' title='bbox 614 501 647 531; x_wconf 91' lang='lat' dir='ltr'><strong>et</strong></span> <span class='ocrx_word' id='word_1_43' title='bbox 673 508 787 532; x_wconf 87' lang='lat' dir='ltr'><strong>sacros</strong></span> <span class='ocrx_word' id='word_1_44' title='bbox 813 497 900 531; x_wconf 84' lang='lat' dir='ltr'><strong>ritus</strong></span> <span class='ocrx_word' id='word_1_45' title='bbox 928 497 961 530; x_wconf 93' lang='lat' dir='ltr'><strong>in</strong></span> 
     </span>
     <span class='ocr_line' id='line_1_13' title="bbox 185 544 963 589; baseline 0 -11"><span class='ocrx_word' id='word_1_46' title='bbox 185 554 405 589; x_wconf 85' lang='lat' dir='ltr'><strong>quacumque</strong></span> <span class='ocrx_word' id='word_1_47' title='bbox 431 544 576 579; x_wconf 86' lang='lat' dir='ltr'><strong>ecclesia</strong></span> <span class='ocrx_word' id='word_1_48' title='bbox 601 548 660 579; x_wconf 84' lang='lat' dir='ltr'><strong>aut</strong></span> <span class='ocrx_word' id='word_1_49' title='bbox 686 544 835 579; x_wconf 86' lang='lat' dir='ltr'><strong>oratorio</strong></span> <span class='ocrx_word' id='word_1_50' title='bbox 856 544 963 589; x_wconf 77' lang='lat' dir='ltr'><strong>priva-</strong></span> 
     </span>
     <span class='ocr_line' id='line_1_14' title="bbox 185 591 966 633; baseline -0.001 -8"><span class='ocrx_word' id='word_1_51' title='bbox 185 592 246 626; x_wconf 89' lang='lat' dir='ltr'><strong>tim</strong></span> <span class='ocrx_word' id='word_1_52' title='bbox 273 591 381 633; x_wconf 88' lang='lat' dir='ltr'><strong>obire,</strong></span> <span class='ocrx_word' id='word_1_53' title='bbox 402 591 516 626; x_wconf 88' lang='lat' dir='ltr'><strong>ianuis</strong></span> <span class='ocrx_word' id='word_1_54' title='bbox 533 591 672 628; x_wconf 79' lang='lat' dir='ltr'><strong>clausis.</strong></span> <span class='ocrx_word' id='word_1_55' title='bbox 693 602 772 626; x_wconf 86' lang='lat' dir='ltr'><strong>voce</strong></span> <span class='ocrx_word' id='word_1_56' title='bbox 789 591 966 626; x_wconf 89' lang='lat' dir='ltr'><strong>submissa</strong></span> 
     </span>
     <span class='ocr_line' id='line_1_15' title="bbox 186 639 718 684; baseline 0 -12"><span class='ocrx_word' id='word_1_57' title='bbox 186 643 217 673; x_wconf 89' lang='lat' dir='ltr'><strong>et</strong></span> <span class='ocrx_word' id='word_1_58' title='bbox 244 639 426 683; x_wconf 89' lang='lat' dir='ltr'><strong>campanis</strong></span> <span class='ocrx_word' id='word_1_59' title='bbox 453 650 521 674; x_wconf 89' lang='lat' dir='ltr'><strong>non</strong></span> <span class='ocrx_word' id='word_1_60' title='bbox 552 639 718 684; x_wconf 86' lang='lat' dir='ltr'><strong>pulsatis;</strong></span> 
     </span>
    </p>

    <p class='ocr_par' dir='ltr' id='par_1_7' title="bbox 186 685 969 1489">
     <span class='ocr_line' id='line_1_16' title="bbox 257 685 965 726; baseline 0 -7"><span class='ocrx_word' id='word_1_61' title='bbox 257 685 295 719; x_wconf 81' lang='grc' dir='ltr'><strong>2Ο</strong></span> <span class='ocrx_word' id='word_1_62' title='bbox 323 685 359 720; x_wconf 90' lang='lat' dir='ltr'><strong>ln</strong></span> <span class='ocrx_word' id='word_1_63' title='bbox 386 686 531 721; x_wconf 87' lang='lat' dir='ltr'><strong>ecclesia</strong></span> <span class='ocrx_word' id='word_1_64' title='bbox 569 697 647 721; x_wconf 84' lang='lat' dir='ltr'><strong>vero</strong></span> <span class='ocrx_word' id='word_1_65' title='bbox 684 685 887 726; x_wconf 81' lang='lat' dir='ltr'><strong>cathedrali,</strong></span> <span class='ocrx_word' id='word_1_66' title='bbox 912 696 965 720; x_wconf 86' lang='lat' dir='ltr'><strong>ec—</strong></span> 
     </span>
     <span class='ocr_line' id='line_1_17' title="bbox 187 732 966 778; baseline 0.001 -12"><span class='ocrx_word' id='word_1_67' title='bbox 187 733 302 767; x_wconf 88' lang='lat' dir='ltr'><strong>clesiis</strong></span> <span class='ocrx_word' id='word_1_68' title='bbox 324 733 574 778; x_wconf 79' lang='lat' dir='ltr'><strong>paroecialibus</strong></span> <span class='ocrx_word' id='word_1_69' title='bbox 594 733 644 768; x_wconf 89' lang='lat' dir='ltr'><strong>vel</strong></span> <span class='ocrx_word' id='word_1_70' title='bbox 661 733 696 767; x_wconf 92' lang='lat' dir='ltr'><strong>in</strong></span> <span class='ocrx_word' id='word_1_71' title='bbox 715 732 859 768; x_wconf 84' lang='lat' dir='ltr'><strong>ecclesia</strong></span> <span class='ocrx_word' id='word_1_72' title='bbox 878 743 966 777; x_wconf 84' lang='lat' dir='ltr'><strong>quae</strong></span> 
     </span>
     <span class='ocr_line' id='line_1_18' title="bbox 187 780 966 826; baseline -0.001 -12"><span class='ocrx_word' id='word_1_73' title='bbox 187 781 291 815; x_wconf 88' lang='lat' dir='ltr'><strong>unica</strong></span> <span class='ocrx_word' id='word_1_74' title='bbox 309 780 352 814; x_wconf 88' lang='lat' dir='ltr'><strong>sit</strong></span> <span class='ocrx_word' id='word_1_75' title='bbox 378 781 414 814; x_wconf 90' lang='lat' dir='ltr'><strong>in</strong></span> <span class='ocrx_word' id='word_1_76' title='bbox 441 781 577 826; x_wconf 77' lang='lat' dir='ltr'><strong>oppido,</strong></span> <span class='ocrx_word' id='word_1_77' title='bbox 597 781 631 814; x_wconf 90' lang='lat' dir='ltr'><strong>in</strong></span> <span class='ocrx_word' id='word_1_78' title='bbox 653 780 764 826; x_wconf 90' lang='lat' dir='ltr'><strong>iisque</strong></span> <span class='ocrx_word' id='word_1_79' title='bbox 782 780 876 820; x_wconf 84' lang='lat' dir='ltr'><strong>solis,</strong></span> <span class='ocrx_word' id='word_1_80' title='bbox 893 790 966 825; x_wconf 83' lang='lat' dir='ltr'><strong>per-</strong></span> 
     </span>
     <span class='ocr_line' id='line_1_19' title="bbox 188 827 965 868; baseline 0 -7"><span class='ocrx_word' id='word_1_81' title='bbox 188 828 376 862; x_wconf 89' lang='lat' dir='ltr'><strong>mittuntur</strong></span> <span class='ocrx_word' id='word_1_82' title='bbox 403 828 507 862; x_wconf 91' lang='lat' dir='ltr'><strong>unius</strong></span> <span class='ocrx_word' id='word_1_83' title='bbox 534 827 658 862; x_wconf 80' lang='lat' dir='ltr'><strong>Missae</strong></span> <span class='ocrx_word' id='word_1_84' title='bbox 684 827 884 868; x_wconf 81' lang='lat' dir='ltr'><strong>celebratio,</strong></span> <span class='ocrx_word' id='word_1_85' title='bbox 912 838 965 862; x_wconf 88' lang='lat' dir='ltr'><strong>as-</strong></span> 
     </span>
     <span class='ocr_line' id='line_1_20' title="bbox 186 874 966 915; baseline -0.001 -6"><span class='ocrx_word' id='word_1_86' title='bbox 186 875 333 910; x_wconf 79' lang='lat' dir='ltr'><strong>servatio</strong></span> <span class='ocrx_word' id='word_1_87' title='bbox 359 875 570 910; x_wconf 81' lang='lat' dir='ltr'><strong>sanctissimi</strong></span> <span class='ocrx_word' id='word_1_88' title='bbox 600 874 829 915; x_wconf 76' lang='lat' dir='ltr'><strong>Sacramenti,</strong></span> <span class='ocrx_word' id='word_1_89' title='bbox 860 874 966 909; x_wconf 90' lang='lat' dir='ltr'><strong>admi-</strong></span> 
     </span>
     <span class='ocr_line' id='line_1_21' title="bbox 187 922 966 968; baseline 0 -12"><span class='ocrx_word' id='word_1_90' title='bbox 187 922 347 957; x_wconf 87' lang='lat' dir='ltr'><strong>nistratio</strong></span> <span class='ocrx_word' id='word_1_91' title='bbox 374 922 607 968; x_wconf 82' lang='lat' dir='ltr'><strong>baptismatis,</strong></span> <span class='ocrx_word' id='word_1_92' title='bbox 631 922 876 959; x_wconf 82' lang='lat' dir='ltr'><strong>Eucharistiae.</strong></span> <span class='ocrx_word' id='word_1_93' title='bbox 893 932 966 967; x_wconf 90' lang='lat' dir='ltr'><strong>poe·</strong></span> 
     </span>
     <span class='ocr_line' id='line_1_22' title="bbox 187 970 966 1012; baseline 0 -9"><span class='ocrx_word' id='word_1_94' title='bbox 187 970 370 1012; x_wconf 87' lang='lat' dir='ltr'><strong>nitentiac,</strong></span> <span class='ocrx_word' id='word_1_95' title='bbox 397 971 595 1005; x_wconf 84' lang='lat' dir='ltr'><strong>assistentia</strong></span> <span class='ocrx_word' id='word_1_96' title='bbox 637 970 878 1009; x_wconf 86' lang='lat' dir='ltr'><strong>matrimoniis,</strong></span> <span class='ocrx_word' id='word_1_97' title='bbox 911 980 966 1004; x_wconf 80' lang='lat' dir='ltr'><strong>ex-</strong></span> 
     </span>
     <span class='ocr_line' id='line_1_23' title="bbox 187 1017 966 1063; baseline 0 -12"><span class='ocrx_word' id='word_1_98' title='bbox 187 1017 282 1052; x_wconf 89' lang='lat' dir='ltr'><strong>clusa</strong></span> <span class='ocrx_word' id='word_1_99' title='bbox 310 1017 551 1052; x_wconf 85' lang='lat' dir='ltr'><strong>benedictione</strong></span> <span class='ocrx_word' id='word_1_100' title='bbox 570 1017 733 1063; x_wconf 86' lang='lat' dir='ltr'><strong>nuptiali,</strong></span> <span class='ocrx_word' id='word_1_101' title='bbox 751 1022 966 1052; x_wconf 91' lang='lat' dir='ltr'><strong>mortuorum</strong></span> 
     </span>
     <span class='ocr_line' id='line_1_24' title="bbox 186 1064 968 1110; baseline -0.003 -11"><span class='ocrx_word' id='word_1_102' title='bbox 186 1065 378 1110; x_wconf 76' lang='lat' dir='ltr'><strong>exsequiae,</strong></span> <span class='ocrx_word' id='word_1_103' title='bbox 398 1065 501 1100; x_wconf 74' lang='lat' dir='ltr'><strong>vetita</strong></span> <span class='ocrx_word' id='word_1_104' title='bbox 519 1069 636 1100; x_wconf 86' lang='lat' dir='ltr'><strong>tamen</strong></span> <span class='ocrx_word' id='word_1_105' title='bbox 657 1066 780 1110; x_wconf 85' lang='lat' dir='ltr'><strong>quavis</strong></span> <span class='ocrx_word' id='word_1_106' title='bbox 794 1064 968 1099; x_wconf 90' lang='lat' dir='ltr'><strong>sollemni-</strong></span> 
     </span>
     <span class='ocr_line' id='line_1_25' title="bbox 187 1112 968 1158; baseline 0 -13"><span class='ocrx_word' id='word_1_107' title='bbox 187 1116 268 1148; x_wconf 83' lang='lat' dir='ltr'><strong>tate.</strong></span> <span class='ocrx_word' id='word_1_108' title='bbox 299 1112 493 1147; x_wconf 73' lang='lat' dir='ltr'><strong>benedictio</strong></span> <span class='ocrx_word' id='word_1_109' title='bbox 531 1123 643 1158; x_wconf 88' lang='lat' dir='ltr'><strong>aquae</strong></span> <span class='ocrx_word' id='word_1_110' title='bbox 682 1112 901 1158; x_wconf 88' lang='lat' dir='ltr'><strong>baptismalis</strong></span> <span class='ocrx_word' id='word_1_111' title='bbox 935 1116 968 1146; x_wconf 91' lang='lat' dir='ltr'><strong>et</strong></span> 
     </span>
     <span class='ocr_line' id='line_1_26' title="bbox 187 1158 967 1204; baseline 0 -11"><span class='ocrx_word' id='word_1_112' title='bbox 187 1170 361 1194; x_wconf 87' lang='lat' dir='ltr'><strong>sacrorum</strong></span> <span class='ocrx_word' id='word_1_113' title='bbox 379 1160 542 1201; x_wconf 85' lang='lat' dir='ltr'><strong>oleorum,</strong></span> <span class='ocrx_word' id='word_1_114' title='bbox 562 1159 769 1204; x_wconf 83' lang='lat' dir='ltr'><strong>praedicatio</strong></span> <span class='ocrx_word' id='word_1_115' title='bbox 786 1159 877 1194; x_wconf 85' lang='lat' dir='ltr'><strong>verbi</strong></span> <span class='ocrx_word' id='word_1_116' title='bbox 897 1158 967 1194; x_wconf 81' lang='lat' dir='ltr'><strong>Dei.</strong></span> 
     </span>
     <span class='ocr_line' id='line_1_27' title="bbox 190 1206 967 1252; baseline 0 -12"><span class='ocrx_word' id='word_1_117' title='bbox 190 1206 225 1240; x_wconf 91' lang='lat' dir='ltr'><strong>ln</strong></span> <span class='ocrx_word' id='word_1_118' title='bbox 254 1206 306 1240; x_wconf 80' lang='lat' dir='ltr'><strong>liis</strong></span> <span class='ocrx_word' id='word_1_119' title='bbox 334 1211 448 1242; x_wconf 86' lang='lat' dir='ltr'><strong>tamen</strong></span> <span class='ocrx_word' id='word_1_120' title='bbox 470 1207 577 1242; x_wconf 85' lang='lat' dir='ltr'><strong>sacris</strong></span> <span class='ocrx_word' id='word_1_121' title='bbox 598 1207 837 1242; x_wconf 84' lang='lat' dir='ltr'><strong>functionibus</strong></span> <span class='ocrx_word' id='word_1_122' title='bbox 858 1206 967 1252; x_wconf 76' lang='lat' dir='ltr'><strong>prohi-</strong></span> 
     </span>
     <span class='ocr_line' id='line_1_28' title="bbox 190 1254 968 1301; baseline -0.001 -13"><span class='ocrx_word' id='word_1_123' title='bbox 190 1254 288 1289; x_wconf 89' lang='lat' dir='ltr'><strong>betur</strong></span> <span class='ocrx_word' id='word_1_124' title='bbox 314 1259 438 1289; x_wconf 86' lang='lat' dir='ltr'><strong>cantus</strong></span> <span class='ocrx_word' id='word_1_125' title='bbox 456 1260 488 1289; x_wconf 88' lang='lat' dir='ltr'><strong>et</strong></span> <span class='ocrx_word' id='word_1_126' title='bbox 509 1266 634 1301; x_wconf 87' lang='lat' dir='ltr'><strong>pompa</strong></span> <span class='ocrx_word' id='word_1_127' title='bbox 665 1255 699 1289; x_wconf 91' lang='lat' dir='ltr'><strong>in</strong></span> <span class='ocrx_word' id='word_1_128' title='bbox 732 1266 829 1289; x_wconf 80' lang='lat' dir='ltr'><strong>sacra</strong></span> <span class='ocrx_word' id='word_1_129' title='bbox 855 1255 968 1299; x_wconf 74' lang='lat' dir='ltr'><strong>supel-</strong></span> 
     </span>
     <span class='ocr_line' id='line_1_29' title="bbox 189 1301 968 1347; baseline 0 -12"><span class='ocrx_word' id='word_1_130' title='bbox 189 1301 291 1337; x_wconf 88' lang='lat' dir='ltr'><strong>lectili</strong></span> <span class='ocrx_word' id='word_1_131' title='bbox 320 1306 353 1336; x_wconf 90' lang='lat' dir='ltr'><strong>et</strong></span> <span class='ocrx_word' id='word_1_132' title='bbox 379 1301 513 1336; x_wconf 88' lang='lat' dir='ltr'><strong>sonitus</strong></span> <span class='ocrx_word' id='word_1_133' title='bbox 540 1313 804 1347; x_wconf 82' lang='lat' dir='ltr'><strong>campanarum,</strong></span> <span class='ocrx_word' id='word_1_134' title='bbox 823 1313 968 1346; x_wconf 82' lang='lat' dir='ltr'><strong>organo-</strong></span> 
     </span>
     <span class='ocr_line' id='line_1_30' title="bbox 190 1349 968 1388; baseline 0.001 -6"><span class='ocrx_word' id='word_1_135' title='bbox 190 1360 280 1388; x_wconf 88' lang='lat' dir='ltr'><strong>rum,</strong></span> <span class='ocrx_word' id='word_1_136' title='bbox 301 1349 492 1384; x_wconf 84' lang='lat' dir='ltr'><strong>aliorumve</strong></span> <span class='ocrx_word' id='word_1_137' title='bbox 520 1349 833 1385; x_wconf 85' lang='lat' dir='ltr'><strong>instrumentorum</strong></span> <span class='ocrx_word' id='word_1_138' title='bbox 863 1349 968 1383; x_wconf 89' lang='lat' dir='ltr'><strong>musi-</strong></span> 
     </span>
     <span class='ocr_line' id='line_1_31' title="bbox 189 1396 969 1440; baseline 0 -10"><span class='ocrx_word' id='word_1_139' title='bbox 189 1396 337 1440; x_wconf 67' lang='lat' dir='ltr'><strong>calium,</strong></span> <span class='ocrx_word' id='word_1_140' title='bbox 367 1408 504 1431; x_wconf 80' lang='lat' dir='ltr'><strong>sacrum</strong></span> <span class='ocrx_word' id='word_1_141' title='bbox 531 1401 648 1432; x_wconf 89' lang='lat' dir='ltr'><strong>autem</strong></span> <span class='ocrx_word' id='word_1_142' title='bbox 666 1396 837 1432; x_wconf 78' lang='lat' dir='ltr'><strong>Viaticum</strong></span> <span class='ocrx_word' id='word_1_143' title='bbox 857 1396 900 1431; x_wconf 89' lang='lat' dir='ltr'><strong>ad</strong></span> <span class='ocrx_word' id='word_1_144' title='bbox 920 1396 969 1430; x_wconf 89' lang='lat' dir='ltr'><strong>in-</strong></span> 
     </span>
     <span class='ocr_line' id='line_1_32' title="bbox 192 1444 712 1489; baseline 0.002 -12"><span class='ocrx_word' id='word_1_145' title='bbox 192 1444 309 1478; x_wconf 82' lang='lat' dir='ltr'><strong>firmos</strong></span> <span class='ocrx_word' id='word_1_146' title='bbox 337 1444 496 1489; x_wconf 88' lang='lat' dir='ltr'><strong>privatim</strong></span> <span class='ocrx_word' id='word_1_147' title='bbox 526 1444 712 1480; x_wconf 80' lang='lat' dir='ltr'><strong>deferatur.</strong></span> 
     </span>
    </p>

    <p class='ocr_par' dir='ltr' id='par_1_8' title="bbox 190 1489 971 1716">
     <span class='ocr_line' id='line_1_33' title="bbox 238 1489 969 1533; baseline 0 -7"><span class='ocrx_word' id='word_1_148' title='bbox 238 1489 320 1526; x_wconf 64' lang='lat' dir='ltr'>CAN.</span> <span class='ocrx_word' id='word_1_149' title='bbox 348 1491 451 1525; x_wconf 82' lang='grc'><strong>’22“2.</strong></span> <span class='ocrx_word' id='word_1_150' title='bbox 484 1512 500 1516; x_wconf 93' lang='grc'><strong>-</strong></span> <span class='ocrx_word' id='word_1_151' title='bbox 530 1495 548 1533; x_wconf 65' lang='grc' dir='ltr'>ξ</span> <span class='ocrx_word' id='word_1_152' title='bbox 579 1491 608 1525; x_wconf 93' lang='lat' dir='ltr'><strong>l.</strong></span> <span class='ocrx_word' id='word_1_153' title='bbox 639 1491 674 1526; x_wconf 92' lang='lat' dir='ltr'><strong>ln</strong></span> <span class='ocrx_word' id='word_1_154' title='bbox 712 1491 896 1527; x_wconf 87' lang='lat' dir='ltr'><strong>interdicto</strong></span> <span class='ocrx_word' id='word_1_155' title='bbox 923 1491 969 1526; x_wconf 87' lang='lat' dir='ltr'><strong>lo-</strong></span> 
     </span>
     <span class='ocr_line' id='line_1_34' title="bbox 190 1538 969 1584; baseline -0.001 -11"><span class='ocrx_word' id='word_1_156' title='bbox 190 1538 253 1573; x_wconf 85' lang='lat' dir='ltr'><strong>cali</strong></span> <span class='ocrx_word' id='word_1_157' title='bbox 276 1538 489 1584; x_wconf 80' lang='lat' dir='ltr'><strong>particulari,</strong></span> <span class='ocrx_word' id='word_1_158' title='bbox 507 1539 533 1572; x_wconf 90' lang='lat' dir='ltr'><strong>si</strong></span> <span class='ocrx_word' id='word_1_159' title='bbox 555 1538 779 1574; x_wconf 90' lang='lat' dir='ltr'><strong>interdictum</strong></span> <span class='ocrx_word' id='word_1_160' title='bbox 801 1539 902 1573; x_wconf 82' lang='lat' dir='ltr'><strong>fuerit</strong></span> <span class='ocrx_word' id='word_1_161' title='bbox 921 1538 969 1573; x_wconf 92' lang='lat' dir='ltr'><strong>al-</strong></span> 
     </span>
     <span class='ocr_line' id='line_1_35' title="bbox 190 1586 970 1626; baseline 0 -6"><span class='ocrx_word' id='word_1_162' title='bbox 190 1591 261 1621; x_wconf 86' lang='lat' dir='ltr'><strong>tare</strong></span> <span class='ocrx_word' id='word_1_163' title='bbox 282 1586 332 1621; x_wconf 86' lang='lat' dir='ltr'><strong>vel</strong></span> <span class='ocrx_word' id='word_1_164' title='bbox 351 1586 517 1621; x_wconf 88' lang='lat' dir='ltr'><strong>sacellum</strong></span> <span class='ocrx_word' id='word_1_165' title='bbox 536 1586 684 1622; x_wconf 86' lang='lat' dir='ltr'><strong>alicuius</strong></span> <span class='ocrx_word' id='word_1_166' title='bbox 702 1586 876 1626; x_wconf 84' lang='lat' dir='ltr'><strong>ecclesiae,</strong></span> <span class='ocrx_word' id='word_1_167' title='bbox 892 1586 970 1620; x_wconf 89' lang='lat' dir='ltr'><strong>nul-</strong></span> 
     </span>
     <span class='ocr_line' id='line_1_36' title="bbox 192 1633 971 1669; baseline 0 -2"><span class='ocrx_word' id='word_1_168' title='bbox 192 1633 263 1668; x_wconf 91' lang='lat' dir='ltr'><strong>lum</strong></span> <span class='ocrx_word' id='word_1_169' title='bbox 290 1644 428 1668; x_wconf 89' lang='lat' dir='ltr'><strong>sacrum</strong></span> <span class='ocrx_word' id='word_1_170' title='bbox 466 1634 622 1669; x_wconf 81' lang='lat' dir='ltr'><strong>officium</strong></span> <span class='ocrx_word' id='word_1_171' title='bbox 658 1645 716 1669; x_wconf 90' lang='lat' dir='ltr'><strong>seu</strong></span> <span class='ocrx_word' id='word_1_172' title='bbox 755 1645 850 1669; x_wconf 91' lang='lat' dir='ltr'><strong>sacer</strong></span> <span class='ocrx_word' id='word_1_173' title='bbox 884 1633 971 1668; x_wconf 88' lang='lat' dir='ltr'><strong>ritus</strong></span> 
     </span>
     <span class='ocr_line' id='line_1_37' title="bbox 192 1681 616 1716; baseline 0.005 -2"><span class='ocrx_word' id='word_1_174' title='bbox 192 1681 226 1715; x_wconf 94' lang='lat' dir='ltr'><strong>in</strong></span> <span class='ocrx_word' id='word_1_175' title='bbox 257 1681 387 1716; x_wconf 89' lang='lat' dir='ltr'><strong>eisdem</strong></span> <span class='ocrx_word' id='word_1_176' title='bbox 413 1681 616 1716; x_wconf 89' lang='lat' dir='ltr'><strong>celebretur.</strong></span> 
     </span>
    </p>

    <p class='ocr_par' dir='ltr' id='par_1_9' title="bbox 191 1727 971 1821">
     <span class='ocr_line' id='line_1_38' title="bbox 239 1727 971 1770; baseline 0 -8"><span class='ocrx_word' id='word_1_177' title='bbox 239 1732 258 1770; x_wconf 67' lang='grc' dir='ltr'>ξ</span> <span class='ocrx_word' id='word_1_178' title='bbox 284 1727 315 1762; x_wconf 84' lang='grc'><strong>2.</strong></span> <span class='ocrx_word' id='word_1_179' title='bbox 344 1727 378 1763; x_wconf 87' lang='lat' dir='ltr'><strong>Si</strong></span> <span class='ocrx_word' id='word_1_180' title='bbox 406 1728 630 1763; x_wconf 85' lang='lat' dir='ltr'><strong>interdictum</strong></span> <span class='ocrx_word' id='word_1_181' title='bbox 670 1728 771 1763; x_wconf 79' lang='lat' dir='ltr'><strong>fuerit</strong></span> <span class='ocrx_word' id='word_1_182' title='bbox 804 1732 971 1763; x_wconf 89' lang='lat' dir='ltr'><strong>coemete-</strong></span> 
     </span>
     <span class='ocr_line' id='line_1_39' title="bbox 191 1775 970 1821; baseline -0.001 -11"><span class='ocrx_word' id='word_1_183' title='bbox 191 1776 296 1816; x_wconf 83' lang='lat' dir='ltr'><strong>rium,</strong></span> <span class='ocrx_word' id='word_1_184' title='bbox 315 1775 470 1811; x_wconf 87' lang='lat' dir='ltr'><strong>fidelium</strong></span> <span class='ocrx_word' id='word_1_185' title='bbox 489 1776 630 1821; x_wconf 84' lang='lat' dir='ltr'><strong>quidem</strong></span> <span class='ocrx_word' id='word_1_186' title='bbox 646 1776 814 1811; x_wconf 82' lang='lat' dir='ltr'><strong>cadavera</strong></span> <span class='ocrx_word' id='word_1_187' title='bbox 833 1775 970 1821; x_wconf 82' lang='lat' dir='ltr'><strong>sepeliri</strong></span> 
     </span>
    </p>
   </div>
   <div class='ocr_carea' id='block_1_6' title="bbox 1035 258 1825 1816">
    <p class='ocr_par' dir='ltr' id='par_1_10' title="bbox 1036 258 1815 342">
     <span class='ocr_line' id='line_1_40' title="bbox 1036 258 1815 304; baseline -0.003 -10"><span class='ocrx_word' id='word_1_188' title='bbox 1036 260 1163 294; x_wconf 84' lang='lat' dir='ltr'><strong>ibidem</strong></span> <span class='ocrx_word' id='word_1_189' title='bbox 1194 263 1349 304; x_wconf 85' lang='lat' dir='ltr'><strong>possunt,</strong></span> <span class='ocrx_word' id='word_1_190' title='bbox 1375 259 1433 294; x_wconf 85' lang='lat' dir='ltr'><strong>scd</strong></span> <span class='ocrx_word' id='word_1_191' title='bbox 1460 259 1536 294; x_wconf 91' lang='lat' dir='ltr'><strong>sine</strong></span> <span class='ocrx_word' id='word_1_192' title='bbox 1563 258 1633 293; x_wconf 91' lang='lat' dir='ltr'><strong>ullo</strong></span> <span class='ocrx_word' id='word_1_193' title='bbox 1658 258 1815 294; x_wconf 84' lang='lat' dir='ltr'><strong>ecclesia-</strong></span> 
     </span>
     <span class='ocr_line' id='line_1_41' title="bbox 1036 307 1228 342; baseline -0.021 0"><span class='ocrx_word' id='word_1_194' title='bbox 1036 307 1121 342; x_wconf 87' lang='lat' dir='ltr'><strong>stico</strong></span> <span class='ocrx_word' id='word_1_195' title='bbox 1147 307 1228 340; x_wconf 88' lang='lat' dir='ltr'><strong>ritu.</strong></span> 
     </span>
    </p>

    <p class='ocr_par' dir='ltr' id='par_1_11' title="bbox 1035 352 1814 436">
     <span class='ocr_line' id='line_1_42' title="bbox 1083 352 1814 396; baseline -0.001 -8"><span class='ocrx_word' id='word_1_196' title='bbox 1083 358 1102 396; x_wconf 64' lang='grc' dir='ltr'>ξ</span> <span class='ocrx_word' id='word_1_197' title='bbox 1129 353 1161 387; x_wconf 79' lang='grc'><strong>3.</strong></span> <span class='ocrx_word' id='word_1_198' title='bbox 1192 352 1226 388; x_wconf 88' lang='lat' dir='ltr'><strong>Si</strong></span> <span class='ocrx_word' id='word_1_199' title='bbox 1248 353 1355 388; x_wconf 86' lang='lat' dir='ltr'><strong>latum</strong></span> <span class='ocrx_word' id='word_1_200' title='bbox 1377 353 1478 387; x_wconf 87' lang='lat' dir='ltr'><strong>fuerit</strong></span> <span class='ocrx_word' id='word_1_201' title='bbox 1498 353 1532 387; x_wconf 94' lang='lat' dir='ltr'><strong>in</strong></span> <span class='ocrx_word' id='word_1_202' title='bbox 1552 357 1681 388; x_wconf 83' lang='lat' dir='ltr'><strong>certam</strong></span> <span class='ocrx_word' id='word_1_203' title='bbox 1708 352 1814 387; x_wconf 73' lang='lat' dir='ltr'><strong>eccle-</strong></span> 
     </span>
     <span class='ocr_line' id='line_1_43' title="bbox 1035 401 1439 436; baseline -0.002 -1"><span class='ocrx_word' id='word_1_204' title='bbox 1035 401 1122 436; x_wconf 86' lang='lat' dir='ltr'><strong>siam</strong></span> <span class='ocrx_word' id='word_1_205' title='bbox 1151 401 1202 435; x_wconf 89' lang='lat' dir='ltr'><strong>vel</strong></span> <span class='ocrx_word' id='word_1_206' title='bbox 1228 401 1439 436; x_wconf 86' lang='lat' dir='ltr'><strong>oratorium:</strong></span> 
     </span>
    </p>

    <p class='ocr_par' dir='ltr' id='par_1_12' title="bbox 1038 446 1817 725">
     <span class='ocr_line' id='line_1_44' title="bbox 1112 446 1813 492; baseline -0.001 -10"><span class='ocrx_word' id='word_1_207' title='bbox 1112 448 1145 482; x_wconf 72' lang='grc' dir='ltr'><strong>ἰθ</strong></span> <span class='ocrx_word' id='word_1_208' title='bbox 1173 446 1207 481; x_wconf 76' lang='lat' dir='ltr'><strong>Si</strong></span> <span class='ocrx_word' id='word_1_209' title='bbox 1235 448 1381 482; x_wconf 86' lang='lat' dir='ltr'><strong>ecclesia</strong></span> <span class='ocrx_word' id='word_1_210' title='bbox 1409 447 1510 482; x_wconf 81' lang='lat' dir='ltr'><strong>suerit</strong></span> <span class='ocrx_word' id='word_1_211' title='bbox 1527 446 1732 492; x_wconf 89' lang='lat' dir='ltr'><strong>capitularis</strong></span> <span class='ocrx_word' id='word_1_212' title='bbox 1751 457 1813 481; x_wconf 84' lang='lat' dir='ltr'><strong>nee</strong></span> 
     </span>
     <span class='ocr_line' id='line_1_45' title="bbox 1039 493 1816 539; baseline -0.001 -10"><span class='ocrx_word' id='word_1_213' title='bbox 1039 495 1263 530; x_wconf 89' lang='lat' dir='ltr'><strong>interdictum</strong></span> <span class='ocrx_word' id='word_1_214' title='bbox 1291 495 1335 529; x_wconf 90' lang='lat' dir='ltr'><strong>sit</strong></span> <span class='ocrx_word' id='word_1_215' title='bbox 1361 493 1571 539; x_wconf 89' lang='lat' dir='ltr'><strong>Capitulum,</strong></span> <span class='ocrx_word' id='word_1_216' title='bbox 1601 493 1689 528; x_wconf 75' lang='lat' dir='ltr'><strong>valet</strong></span> <span class='ocrx_word' id='word_1_217' title='bbox 1720 504 1816 539; x_wconf 87' lang='lat' dir='ltr'><strong>prae-</strong></span> 
     </span>
     <span class='ocr_line' id='line_1_46' title="bbox 1038 540 1816 588; baseline -0.004 -11"><span class='ocrx_word' id='word_1_218' title='bbox 1038 543 1205 588; x_wconf 88' lang='lat' dir='ltr'><strong>scriptum</strong></span> <span class='ocrx_word' id='word_1_219' title='bbox 1239 553 1317 577; x_wconf 89' lang='lat' dir='ltr'><strong>can.</strong></span> <span class='ocrx_word' id='word_1_220' title='bbox 1346 541 1452 582; x_wconf 86' lang='grc'><strong>2271,</strong></span> <span class='ocrx_word' id='word_1_221' title='bbox 1481 552 1515 575; x_wconf 93' lang='lat' dir='ltr'><strong>n.</strong></span> <span class='ocrx_word' id='word_1_222' title='bbox 1546 542 1576 583; x_wconf 88' lang='lat' dir='ltr'><strong>l,</strong></span> <span class='ocrx_word' id='word_1_223' title='bbox 1605 540 1673 575; x_wconf 90' lang='lat' dir='ltr'><strong>nisi</strong></span> <span class='ocrx_word' id='word_1_224' title='bbox 1710 540 1816 575; x_wconf 91' lang='lat' dir='ltr'><strong>inter-</strong></span> 
     </span>
     <span class='ocr_line' id='line_1_47' title="bbox 1038 587 1816 635; baseline -0.003 -11"><span class='ocrx_word' id='word_1_225' title='bbox 1038 591 1118 625; x_wconf 87' lang='lat' dir='ltr'><strong>dicti</strong></span> <span class='ocrx_word' id='word_1_226' title='bbox 1148 590 1322 624; x_wconf 89' lang='lat' dir='ltr'><strong>decretum</strong></span> <span class='ocrx_word' id='word_1_227' title='bbox 1354 588 1541 635; x_wconf 80' lang='lat' dir='ltr'><strong>praecipiat</strong></span> <span class='ocrx_word' id='word_1_228' title='bbox 1568 587 1709 623; x_wconf 84' lang='lat' dir='ltr'><strong>Missam</strong></span> <span class='ocrx_word' id='word_1_229' title='bbox 1737 598 1816 623; x_wconf 84' lang='lat' dir='ltr'><strong>con-</strong></span> 
     </span>
     <span class='ocr_line' id='line_1_48' title="bbox 1041 635 1817 672; baseline -0.003 -1"><span class='ocrx_word' id='word_1_230' title='bbox 1041 638 1236 672; x_wconf 84' lang='lat' dir='ltr'><strong>ventualem</strong></span> <span class='ocrx_word' id='word_1_231' title='bbox 1265 636 1429 672; x_wconf 83' lang='lat' dir='ltr'><strong>celebrari</strong></span> <span class='ocrx_word' id='word_1_232' title='bbox 1450 640 1482 671; x_wconf 90' lang='lat' dir='ltr'><strong>et</strong></span> <span class='ocrx_word' id='word_1_233' title='bbox 1501 635 1604 671; x_wconf 88' lang='lat' dir='ltr'><strong>horas</strong></span> <span class='ocrx_word' id='word_1_234' title='bbox 1630 635 1817 670; x_wconf 87' lang='lat' dir='ltr'><strong>canonicas</strong></span> 
     </span>
     <span class='ocr_line' id='line_1_49' title="bbox 1038 682 1784 725; baseline -0.005 -5"><span class='ocrx_word' id='word_1_235' title='bbox 1038 684 1173 720; x_wconf 85' lang='lat' dir='ltr'><strong>recitari</strong></span> <span class='ocrx_word' id='word_1_236' title='bbox 1203 684 1238 718; x_wconf 92' lang='lat' dir='ltr'><strong>in</strong></span> <span class='ocrx_word' id='word_1_237' title='bbox 1265 684 1334 719; x_wconf 84' lang='lat' dir='ltr'><strong>alia</strong></span> <span class='ocrx_word' id='word_1_238' title='bbox 1359 684 1505 719; x_wconf 83' lang='lat' dir='ltr'><strong>ecclesia</strong></span> <span class='ocrx_word' id='word_1_239' title='bbox 1529 686 1589 718; x_wconf 85' lang='lat' dir='ltr'><strong>aut</strong></span> <span class='ocrx_word' id='word_1_240' title='bbox 1615 682 1784 725; x_wconf 84' lang='lat' dir='ltr'><strong>oratorio3</strong></span> 
     </span>
    </p>

    <p class='ocr_par' dir='ltr' id='par_1_13' title="bbox 1041 730 1819 919">
     <span class='ocr_line' id='line_1_50' title="bbox 1112 730 1818 777; baseline -0.003 -12"><span class='ocrx_word' id='word_1_241' title='bbox 1112 732 1148 765; x_wconf 72' lang='lat'><strong>2²0</strong></span> <span class='ocrx_word' id='word_1_242' title='bbox 1181 730 1215 766; x_wconf 86' lang='lat' dir='ltr'><strong>Si</strong></span> <span class='ocrx_word' id='word_1_243' title='bbox 1261 731 1361 766; x_wconf 81' lang='lat' dir='ltr'><strong>fuerit</strong></span> <span class='ocrx_word' id='word_1_244' title='bbox 1407 730 1619 777; x_wconf 79' lang='lat' dir='ltr'><strong>paroecialis⁷</strong></span> <span class='ocrx_word' id='word_1_245' title='bbox 1663 733 1818 764; x_wconf 84' lang='lat' dir='ltr'><strong>servetur</strong></span> 
     </span>
     <span class='ocr_line' id='line_1_51' title="bbox 1041 776 1816 824; baseline -0.003 -12"><span class='ocrx_word' id='word_1_246' title='bbox 1041 778 1292 824; x_wconf 80' lang='lat' dir='ltr'><strong>praescriptum</strong></span> <span class='ocrx_word' id='word_1_247' title='bbox 1320 779 1378 813; x_wconf 90' lang='lat' dir='ltr'><strong>cit.</strong></span> <span class='ocrx_word' id='word_1_248' title='bbox 1407 776 1603 818; x_wconf 74' lang='lat' dir='ltr'><strong>can.2·.).71,</strong></span> <span class='ocrx_word' id='word_1_249' title='bbox 1630 788 1666 813; x_wconf 89' lang='lat' dir='ltr'><strong>n.</strong></span> <span class='ocrx_word' id='word_1_250' title='bbox 1684 776 1718 816; x_wconf 74' lang='grc'><strong>2,</strong></span> <span class='ocrx_word' id='word_1_251' title='bbox 1747 776 1816 811; x_wconf 90' lang='lat' dir='ltr'><strong>nisi</strong></span> 
     </span>
     <span class='ocr_line' id='line_1_52' title="bbox 1041 824 1819 869; baseline -0.003 -9"><span class='ocrx_word' id='word_1_252' title='bbox 1041 826 1213 861; x_wconf 83' lang='lat' dir='ltr'><strong>interdicti</strong></span> <span class='ocrx_word' id='word_1_253' title='bbox 1235 826 1410 861; x_wconf 88' lang='lat' dir='ltr'><strong>decretum</strong></span> <span class='ocrx_word' id='word_1_254' title='bbox 1430 825 1535 860; x_wconf 88' lang='lat' dir='ltr'><strong>aliam</strong></span> <span class='ocrx_word' id='word_1_255' title='bbox 1557 824 1738 860; x_wconf 86' lang='lat' dir='ltr'><strong>ecclesiam</strong></span> <span class='ocrx_word' id='word_1_256' title='bbox 1760 834 1819 869; x_wconf 90' lang='lat' dir='ltr'><strong>pro</strong></span> 
     </span>
     <span class='ocr_line' id='line_1_53' title="bbox 1041 872 1758 919; baseline -0.004 -11"><span class='ocrx_word' id='word_1_257' title='bbox 1041 874 1214 909; x_wconf 85' lang='lat' dir='ltr'><strong>interdicti</strong></span> <span class='ocrx_word' id='word_1_258' title='bbox 1242 878 1396 919; x_wconf 88' lang='lat' dir='ltr'><strong>tempore</strong></span> <span class='ocrx_word' id='word_1_259' title='bbox 1421 873 1533 908; x_wconf 89' lang='lat' dir='ltr'><strong>eidem</strong></span> <span class='ocrx_word' id='word_1_260' title='bbox 1561 872 1758 907; x_wconf 88' lang='lat' dir='ltr'><strong>substituat.</strong></span> 
     </span>
    </p>

    <p class='ocr_par' dir='ltr' id='par_1_14' title="bbox 1040 918 1822 1383">
     <span class='ocr_line' id='line_1_54' title="bbox 1087 918 1821 959; baseline -0.007 -3"><span class='ocrx_word' id='word_1_261' title='bbox 1087 920 1170 956; x_wconf 58' lang='lat' dir='ltr'>CAN.</span> <span class='ocrx_word' id='word_1_262' title='bbox 1197 920 1301 955; x_wconf 82' lang='grc'><strong>2273.</strong></span> <span class='ocrx_word' id='word_1_263' title='bbox 1335 941 1350 945; x_wconf 76' lang='lat'>-</span> <span class='ocrx_word' id='word_1_264' title='bbox 1380 919 1565 955; x_wconf 84' lang='lat' dir='ltr'><strong>Interdicta</strong></span> <span class='ocrx_word' id='word_1_265' title='bbox 1591 918 1742 959; x_wconf 81' lang='lat' dir='ltr'><strong>civitate,</strong></span> <span class='ocrx_word' id='word_1_266' title='bbox 1771 918 1821 951; x_wconf 88' lang='lat' dir='ltr'><strong>in-</strong></span> 
     </span>
     <span class='ocr_line' id='line_1_55' title="bbox 1040 965 1820 1013; baseline -0.004 -10"><span class='ocrx_word' id='word_1_267' title='bbox 1040 968 1186 1004; x_wconf 78' lang='lat' dir='ltr'><strong>terdicta</strong></span> <span class='ocrx_word' id='word_1_268' title='bbox 1212 979 1348 1013; x_wconf 86' lang='lat' dir='ltr'><strong>quoque</strong></span> <span class='ocrx_word' id='word_1_269' title='bbox 1369 972 1512 1003; x_wconf 90' lang='lat' dir='ltr'><strong>manent</strong></span> <span class='ocrx_word' id='word_1_270' title='bbox 1533 967 1605 1002; x_wconf 90' lang='lat' dir='ltr'><strong>loca</strong></span> <span class='ocrx_word' id='word_1_271' title='bbox 1625 965 1820 1002; x_wconf 83' lang='lat' dir='ltr'><strong>accessoria</strong></span> 
     </span>
     <span class='ocr_line' id='line_1_56' title="bbox 1040 1013 1818 1061; baseline -0.005 -10"><span class='ocrx_word' id='word_1_272' title='bbox 1040 1016 1143 1051; x_wconf 84' lang='lat' dir='ltr'><strong>etiam</strong></span> <span class='ocrx_word' id='word_1_273' title='bbox 1177 1020 1336 1061; x_wconf 82' lang='lat' dir='ltr'><strong>exempta</strong></span> <span class='ocrx_word' id='word_1_274' title='bbox 1361 1020 1394 1050; x_wconf 91' lang='lat' dir='ltr'><strong>et</strong></span> <span class='ocrx_word' id='word_1_275' title='bbox 1421 1015 1496 1061; x_wconf 86' lang='lat' dir='ltr'><strong>ipsa</strong></span> <span class='ocrx_word' id='word_1_276' title='bbox 1527 1014 1671 1049; x_wconf 83' lang='lat' dir='ltr'><strong>ecclesia</strong></span> <span class='ocrx_word' id='word_1_277' title='bbox 1704 1013 1818 1048; x_wconf 79' lang='lat' dir='ltr'><strong>cathe-</strong></span> 
     </span>
     <span class='ocr_line' id='line_1_57' title="bbox 1040 1060 1821 1104; baseline -0.005 -6"><span class='ocrx_word' id='word_1_278' title='bbox 1040 1063 1168 1104; x_wconf 75' lang='lat' dir='ltr'><strong>dralis,¹</strong></span> <span class='ocrx_word' id='word_1_279' title='bbox 1215 1062 1400 1098; x_wconf 82' lang='lat' dir='ltr'><strong>interdicta</strong></span> <span class='ocrx_word' id='word_1_280' title='bbox 1440 1061 1597 1102; x_wconf 87' lang='lat' dir='ltr'><strong>ecclesia,</strong></span> <span class='ocrx_word' id='word_1_281' title='bbox 1634 1060 1821 1096; x_wconf 86' lang='lat' dir='ltr'><strong>interdicta</strong></span> 
     </span>
     <span class='ocr_line' id='line_1_58' title="bbox 1041 1110 1821 1154; baseline -0.004 -9"><span class='ocrx_word' id='word_1_282' title='bbox 1041 1115 1123 1145; x_wconf 89' lang='lat' dir='ltr'><strong>sunt</strong></span> <span class='ocrx_word' id='word_1_283' title='bbox 1149 1110 1275 1145; x_wconf 87' lang='lat' dir='ltr'><strong>sacella</strong></span> <span class='ocrx_word' id='word_1_284' title='bbox 1304 1110 1478 1154; x_wconf 85' lang='lat' dir='ltr'><strong>contigua,</strong></span> <span class='ocrx_word' id='word_1_285' title='bbox 1498 1120 1568 1144; x_wconf 92' lang='lat' dir='ltr'><strong>non</strong></span> <span class='ocrx_word' id='word_1_286' title='bbox 1588 1119 1666 1144; x_wconf 82' lang='lat' dir='ltr'><strong>vero</strong></span> <span class='ocrx_word' id='word_1_287' title='bbox 1693 1118 1821 1143; x_wconf 86' lang='lat' dir='ltr'><strong>coeme—</strong></span> 
     </span>
     <span class='ocr_line' id='line_1_59' title="bbox 1041 1154 1821 1197; baseline -0.005 -5"><span class='ocrx_word' id='word_1_288' title='bbox 1041 1158 1188 1197; x_wconf 86' lang='lat' dir='ltr'><strong>terium;</strong></span> <span class='ocrx_word' id='word_1_289' title='bbox 1220 1157 1402 1192; x_wconf 73' lang='lat' dir='ltr'><strong>interdicto</strong></span> <span class='ocrx_word' id='word_1_290' title='bbox 1427 1156 1565 1192; x_wconf 88' lang='lat' dir='ltr'><strong>sacello.</strong></span> <span class='ocrx_word' id='word_1_291' title='bbox 1594 1167 1664 1191; x_wconf 92' lang='lat' dir='ltr'><strong>non</strong></span> <span class='ocrx_word' id='word_1_292' title='bbox 1690 1160 1741 1191; x_wconf 87' lang='lat' dir='ltr'><strong>est</strong></span> <span class='ocrx_word' id='word_1_293' title='bbox 1768 1154 1821 1188; x_wconf 93' lang='lat' dir='ltr'><strong>in-</strong></span> 
     </span>
     <span class='ocr_line' id='line_1_60' title="bbox 1042 1202 1820 1249; baseline -0.003 -10"><span class='ocrx_word' id='word_1_294' title='bbox 1042 1205 1187 1240; x_wconf 86' lang='lat' dir='ltr'><strong>terdicta</strong></span> <span class='ocrx_word' id='word_1_295' title='bbox 1213 1205 1347 1249; x_wconf 83' lang='lat' dir='ltr'><strong>integra</strong></span> <span class='ocrx_word' id='word_1_296' title='bbox 1375 1204 1519 1240; x_wconf 86' lang='lat' dir='ltr'><strong>ecclesia</strong></span> <span class='ocrx_word' id='word_1_297' title='bbox 1547 1202 1820 1245; x_wconf 88' lang='lat' dir='ltr'><strong>nec‚interdicto</strong></span> 
     </span>
     <span class='ocr_line' id='line_1_61' title="bbox 1042 1249 1819 1295; baseline -0.004 -9"><span class='ocrx_word' id='word_1_298' title='bbox 1042 1252 1255 1291; x_wconf 81' lang='lat' dir='ltr'><strong>coemeterio,</strong></span> <span class='ocrx_word' id='word_1_299' title='bbox 1283 1252 1469 1287; x_wconf 88' lang='lat' dir='ltr'><strong>interdicta</strong></span> <span class='ocrx_word' id='word_1_300' title='bbox 1502 1256 1553 1286; x_wconf 88' lang='lat' dir='ltr'><strong>est</strong></span> <span class='ocrx_word' id='word_1_301' title='bbox 1581 1250 1729 1286; x_wconf 88' lang='lat' dir='ltr'><strong>ecclesia</strong></span> <span class='ocrx_word' id='word_1_302' title='bbox 1754 1249 1819 1295; x_wconf 90' lang='lat' dir='ltr'><strong>ipsi</strong></span> 
     </span>
     <span class='ocr_line' id='line_1_62' title="bbox 1042 1298 1822 1345; baseline -0.004 -10"><span class='ocrx_word' id='word_1_303' title='bbox 1042 1300 1218 1345; x_wconf 83' lang='lat' dir='ltr'><strong>contigua,</strong></span> <span class='ocrx_word' id='word_1_304' title='bbox 1236 1299 1293 1334; x_wconf 91' lang='lat' dir='ltr'><strong>sed</strong></span> <span class='ocrx_word' id='word_1_305' title='bbox 1311 1299 1495 1334; x_wconf 81' lang='lat' dir='ltr'><strong>interdicta</strong></span> <span class='ocrx_word' id='word_1_306' title='bbox 1514 1302 1596 1333; x_wconf 87' lang='lat' dir='ltr'><strong>sunt</strong></span> <span class='ocrx_word' id='word_1_307' title='bbox 1613 1298 1734 1333; x_wconf 86' lang='lat' dir='ltr'><strong>omnia</strong></span> <span class='ocrx_word' id='word_1_308' title='bbox 1751 1308 1822 1332; x_wconf 87' lang='lat' dir='ltr'><strong>ora-</strong></span> 
     </span>
     <span class='ocr_line' id='line_1_63' title="bbox 1043 1347 1573 1383; baseline -0.006 0"><span class='ocrx_word' id='word_1_309' title='bbox 1043 1349 1129 1383; x_wconf 81' lang='lat' dir='ltr'><strong>toria</strong></span> <span class='ocrx_word' id='word_1_310' title='bbox 1157 1347 1191 1381; x_wconf 90' lang='lat' dir='ltr'><strong>in</strong></span> <span class='ocrx_word' id='word_1_311' title='bbox 1219 1351 1423 1382; x_wconf 81' lang='lat' dir='ltr'><strong>coemeterio</strong></span> <span class='ocrx_word' id='word_1_312' title='bbox 1449 1350 1573 1381; x_wconf 85' lang='lat' dir='ltr'><strong>erecta.</strong></span> 
     </span>
    </p>

    <p class='ocr_par' dir='ltr' id='par_1_15' title="bbox 1043 1392 1823 1668">
     <span class='ocr_line' id='line_1_64' title="bbox 1091 1392 1822 1436; baseline -0.007 -6"><span class='ocrx_word' id='word_1_313' title='bbox 1091 1394 1173 1431; x_wconf 67' lang='lat' dir='ltr'><strong>CAN.</strong></span> <span class='ocrx_word' id='word_1_314' title='bbox 1205 1393 1307 1428; x_wconf 81' lang='grc'><strong>2274.</strong></span> <span class='ocrx_word' id='word_1_315' title='bbox 1329 1414 1344 1420; x_wconf 97' lang='grc'>-</span> <span class='ocrx_word' id='word_1_316' title='bbox 1366 1398 1384 1436; x_wconf 63' lang='grc' dir='ltr'><strong><em>ξ</em></strong></span> <span class='ocrx_word' id='word_1_317' title='bbox 1410 1397 1436 1427; x_wconf 86' lang='lat' dir='ltr'><strong>l.</strong></span> <span class='ocrx_word' id='word_1_318' title='bbox 1458 1393 1493 1429; x_wconf 84' lang='lat' dir='ltr'><strong>Si</strong></span> <span class='ocrx_word' id='word_1_319' title='bbox 1513 1392 1742 1429; x_wconf 86' lang='lat' dir='ltr'><strong>communitas</strong></span> <span class='ocrx_word' id='word_1_320' title='bbox 1762 1402 1822 1426; x_wconf 89' lang='lat' dir='ltr'><strong>seu</strong></span> 
     </span>
     <span class='ocr_line' id='line_1_65' title="bbox 1043 1439 1823 1487; baseline -0.005 -10"><span class='ocrx_word' id='word_1_321' title='bbox 1043 1442 1225 1487; x_wconf 84' lang='lat' dir='ltr'><strong>collegium</strong></span> <span class='ocrx_word' id='word_1_322' title='bbox 1253 1441 1417 1477; x_wconf 88' lang='lat' dir='ltr'><strong>delictum</strong></span> <span class='ocrx_word' id='word_1_323' title='bbox 1448 1439 1823 1487; x_wconf 86' lang='lat' dir='ltr'><strong>perpetraverit‚inter-</strong></span> 
     </span>
     <span class='ocr_line' id='line_1_66' title="bbox 1043 1487 1823 1534; baseline -0.004 -9"><span class='ocrx_word' id='word_1_324' title='bbox 1043 1491 1175 1525; x_wconf 85' lang='lat' dir='ltr'><strong>dictum</strong></span> <span class='ocrx_word' id='word_1_325' title='bbox 1194 1490 1271 1524; x_wconf 85' lang='lat' dir='ltr'><strong>terri</strong></span> <span class='ocrx_word' id='word_1_326' title='bbox 1291 1494 1398 1534; x_wconf 90' lang='lat' dir='ltr'><strong>potest</strong></span> <span class='ocrx_word' id='word_1_327' title='bbox 1419 1488 1469 1523; x_wconf 75' lang='lat' dir='ltr'><strong>vel</strong></span> <span class='ocrx_word' id='word_1_328' title='bbox 1490 1489 1525 1523; x_wconf 90' lang='lat' dir='ltr'><strong>in</strong></span> <span class='ocrx_word' id='word_1_329' title='bbox 1541 1487 1701 1532; x_wconf 82' lang='lat' dir='ltr'><strong>singulas</strong></span> <span class='ocrx_word' id='word_1_330' title='bbox 1715 1497 1823 1532; x_wconf 89' lang='lat' dir='ltr'><strong>perso-</strong></span> 
     </span>
     <span class='ocr_line' id='line_1_67' title="bbox 1043 1534 1820 1582; baseline -0.005 -10"><span class='ocrx_word' id='word_1_331' title='bbox 1043 1549 1107 1573; x_wconf 89' lang='lat' dir='ltr'><strong>nas</strong></span> <span class='ocrx_word' id='word_1_332' title='bbox 1121 1537 1374 1582; x_wconf 77' lang='lat' dir='ltr'><strong>delinquentes,</strong></span> <span class='ocrx_word' id='word_1_333' title='bbox 1394 1536 1444 1571; x_wconf 75' lang='lat' dir='ltr'><strong>vel</strong></span> <span class='ocrx_word' id='word_1_334' title='bbox 1464 1537 1499 1570; x_wconf 92' lang='lat' dir='ltr'><strong>in</strong></span> <span class='ocrx_word' id='word_1_335' title='bbox 1519 1534 1820 1575; x_wconf 83' lang='lat' dir='ltr'><strong>communitatem,</strong></span> 
     </span>
     <span class='ocr_line' id='line_1_68' title="bbox 1045 1582 1823 1629; baseline -0.006 -9"><span class='ocrx_word' id='word_1_336' title='bbox 1045 1586 1091 1620; x_wconf 88' lang='lat' dir='ltr'><strong>uti</strong></span> <span class='ocrx_word' id='word_1_337' title='bbox 1120 1584 1237 1619; x_wconf 86' lang='lat' dir='ltr'><strong>talem.</strong></span> <span class='ocrx_word' id='word_1_338' title='bbox 1261 1584 1313 1619; x_wconf 91' lang='lat' dir='ltr'><strong>vel</strong></span> <span class='ocrx_word' id='word_1_339' title='bbox 1332 1584 1367 1618; x_wconf 90' lang='lat' dir='ltr'><strong>in</strong></span> <span class='ocrx_word' id='word_1_340' title='bbox 1389 1594 1553 1629; x_wconf 90' lang='lat' dir='ltr'><strong>personas</strong></span> <span class='ocrx_word' id='word_1_341' title='bbox 1579 1582 1823 1627; x_wconf 85' lang='lat' dir='ltr'><strong>delinquentes</strong></span> 
     </span>
     <span class='ocr_line' id='line_1_69' title="bbox 1043 1631 1470 1668; baseline -0.005 -1"><span class='ocrx_word' id='word_1_342' title='bbox 1043 1638 1077 1668; x_wconf 87' lang='lat' dir='ltr'><strong>et</strong></span> <span class='ocrx_word' id='word_1_343' title='bbox 1103 1634 1139 1666; x_wconf 92' lang='lat' dir='ltr'><strong>in</strong></span> <span class='ocrx_word' id='word_1_344' title='bbox 1167 1631 1470 1667; x_wconf 88' lang='lat' dir='ltr'><strong>communitatem.</strong></span> 
     </span>
    </p>

    <p class='ocr_par' dir='ltr' id='par_1_16' title="bbox 1046 1674 1823 1773">
     <span class='ocr_line' id='line_1_70' title="bbox 1091 1674 1823 1724; baseline -0.005 -11"><span class='ocrx_word' id='word_1_345' title='bbox 1091 1684 1110 1721; x_wconf 62' lang='grc' dir='ltr'><strong>ς</strong></span> <span class='ocrx_word' id='word_1_346' title='bbox 1138 1679 1168 1713; x_wconf 91' lang='grc'><strong>2.</strong></span> <span class='ocrx_word' id='word_1_347' title='bbox 1197 1678 1231 1713; x_wconf 78' lang='lat' dir='ltr'><strong>Si</strong></span> <span class='ocrx_word' id='word_1_348' title='bbox 1270 1678 1435 1724; x_wconf 78' lang='lat' dir='ltr'><strong>primum,</strong></span> <span class='ocrx_word' id='word_1_349' title='bbox 1464 1682 1619 1713; x_wconf 84' lang='lat' dir='ltr'><strong>servetur</strong></span> <span class='ocrx_word' id='word_1_350' title='bbox 1659 1674 1823 1722; x_wconf 86' lang='lat' dir='ltr'><strong>praescri-</strong></span> 
     </span>
     <span class='ocr_line' id='line_1_71' title="bbox 1046 1724 1378 1773; baseline -0.006 -12"><span class='ocrx_word' id='word_1_351' title='bbox 1046 1732 1142 1773; x_wconf 91' lang='lat' dir='ltr'><strong>ptum</strong></span> <span class='ocrx_word' id='word_1_352' title='bbox 1170 1738 1247 1762; x_wconf 87' lang='lat' dir='ltr'><strong>can.</strong></span> <span class='ocrx_word' id='word_1_353' title='bbox 1274 1724 1378 1760; x_wconf 73' lang='grc'><strong>2275.</strong></span> 
     </span>
    </p>

    <p class='ocr_par' dir='ltr' id='par_1_17' title="bbox 1092 1769 1825 1816">
     <span class='ocr_line' id='line_1_72' title="bbox 1092 1769 1825 1816; baseline -0.005 -8"><span class='ocrx_word' id='word_1_354' title='bbox 1092 1778 1112 1816; x_wconf 66' lang='grc' dir='ltr'>ἓ</span> <span class='ocrx_word' id='word_1_355' title='bbox 1138 1773 1169 1808; x_wconf 86' lang='lat'><strong>3.</strong></span> <span class='ocrx_word' id='word_1_356' title='bbox 1197 1772 1231 1807; x_wconf 75' lang='lat' dir='ltr'><strong>Si</strong></span> <span class='ocrx_word' id='word_1_357' title='bbox 1251 1773 1413 1813; x_wconf 89' lang='lat' dir='ltr'><strong>alterum,</strong></span> <span class='ocrx_word' id='word_1_358' title='bbox 1430 1771 1665 1807; x_wconf 88' lang='lat' dir='ltr'><strong>communitas</strong></span> <span class='ocrx_word' id='word_1_359' title='bbox 1682 1780 1741 1805; x_wconf 87' lang='lat' dir='ltr'><strong>seu</strong></span> <span class='ocrx_word' id='word_1_360' title='bbox 1760 1769 1825 1804; x_wconf 86' lang='lat' dir='ltr'><strong>col-</strong></span> 
     </span>
    </p>
   </div>
   <div class='ocr_carea' id='block_1_7' title="bbox 199 1903 1826 2813">
    <p class='ocr_par' dir='ltr' id='par_1_18' title="bbox 199 1903 1826 2813">
     <span class='ocr_line' id='line_1_73' title="bbox 420 1903 1824 1947; baseline -0.005 0"><span class='ocrx_word' id='word_1_361' title='bbox 420 1933 461 1937; x_wconf 81' lang='lat'>—</span> <span class='ocrx_word' id='word_1_362' title='bbox 488 1912 582 1947; x_wconf 85' lang='lat' dir='ltr'><strong>notio</strong></span> <span class='ocrx_word' id='word_1_363' title='bbox 607 1923 647 1947; x_wconf 88' lang='lat' dir='ltr'><strong>ac</strong></span> <span class='ocrx_word' id='word_1_364' title='bbox 673 1911 852 1946; x_wconf 86' lang='lat' dir='ltr'><strong>distinctio</strong></span> <span class='ocrx_word' id='word_1_365' title='bbox 1619 1906 1706 1942; x_wconf 85' lang='lat' dir='ltr'><strong>Can.</strong></span> <span class='ocrx_word' id='word_1_366' title='bbox 1732 1903 1824 1940; x_wconf 86' lang='grc'><strong>2268</strong></span> 
     </span>
     <span class='ocr_line' id='line_1_74' title="bbox 413 1998 1823 2052; baseline -0.006 -10"><span class='ocrx_word' id='word_1_367' title='bbox 413 2004 462 2035; x_wconf 68' lang='lat'><strong>3—-</strong></span> <span class='ocrx_word' id='word_1_368' title='bbox 489 2006 600 2052; x_wconf 80' lang='lat' dir='ltr'><strong>quoad</strong></span> <span class='ocrx_word' id='word_1_369' title='bbox 626 2011 802 2041; x_wconf 85' lang='lat' dir='ltr'><strong>auctorem</strong></span> <span class='ocrx_word' id='word_1_370' title='bbox 830 2010 863 2041; x_wconf 90' lang='lat' dir='ltr'><strong>et</strong></span> <span class='ocrx_word' id='word_1_371' title='bbox 888 2006 1083 2040; x_wconf 91' lang='lat' dir='ltr'><strong>subiectum</strong></span> <span class='ocrx_word' id='word_1_372' title='bbox 1110 2004 1301 2049; x_wconf 83' lang='lat' dir='ltr'><strong>obligatum</strong></span> <span class='ocrx_word' id='word_1_373' title='bbox 1663 2015 1677 2033; x_wconf 87' lang='lat'>»</span> <span class='ocrx_word' id='word_1_374' title='bbox 1732 1998 1823 2035; x_wconf 84' lang='grc'><strong>2269</strong></span> 
     </span>
     <span class='ocr_line' id='line_1_75' title="bbox 413 2056 415 2077; baseline 0 0"><span class='ocrx_word' id='word_1_375' title='bbox 413 2056 415 2077; x_wconf 76' lang='lat' dir='ltr'><strong>l</strong></span> 
     </span>
     <span class='ocr_line' id='line_1_76' title="bbox 935 2097 1615 2144; baseline -0.003 -11"><span class='ocrx_word' id='word_1_376' title='bbox 935 2121 984 2138; x_wconf 88' lang='lat'><strong>.—</strong></span> <span class='ocrx_word' id='word_1_377' title='bbox 1011 2100 1081 2135; x_wconf 88' lang='lat' dir='ltr'><strong>sive</strong></span> <span class='ocrx_word' id='word_1_378' title='bbox 1107 2098 1268 2144; x_wconf 86' lang='lat' dir='ltr'><strong>generale</strong></span> <span class='ocrx_word' id='word_1_379' title='bbox 1288 2098 1372 2132; x_wconf 91' lang='lat' dir='ltr'><strong>illud</strong></span> <span class='ocrx_word' id='word_1_380' title='bbox 1388 2097 1431 2132; x_wconf 90' lang='lat' dir='ltr'><strong>sit</strong></span> <span class='ocrx_word' id='word_1_381' title='bbox 1450 2097 1522 2132; x_wconf 80' lang='lat' dir='ltr'><strong>sive</strong></span> <span class='ocrx_word' id='word_1_382' title='bbox 1541 2107 1615 2143; x_wconf 85' lang='lat' dir='ltr'><strong>par-</strong></span> 
     </span>
     <span class='ocr_line' id='line_1_77' title="bbox 414 2140 1824 2193; baseline -0.007 -8"><span class='ocrx_word' id='word_1_383' title='bbox 414 2175 416 2192; x_wconf 50' lang='lat'>2</span> <span class='ocrx_word' id='word_1_384' title='bbox 935 2177 937 2193; x_wconf 83' lang='grc'>,</span> <span class='ocrx_word' id='word_1_385' title='bbox 963 2147 1108 2182; x_wconf 89' lang='lat' dir='ltr'><strong>ticulare</strong></span> <span class='ocrx_word' id='word_1_386' title='bbox 1663 2156 1678 2174; x_wconf 87' lang='grc'>»</span> <span class='ocrx_word' id='word_1_387' title='bbox 1733 2140 1824 2176; x_wconf 87' lang='grc'><strong>2270</strong></span> 
     </span>
     <span class='ocr_line' id='line_1_78' title="bbox 414 2194 1800 2249; baseline -0.006 -17"><span class='ocrx_word' id='word_1_388' title='bbox 414 2204 416 2249; x_wconf 59' lang='lat' dir='ltr'><strong>i</strong></span> <span class='ocrx_word' id='word_1_389' title='bbox 640 2215 690 2243; x_wconf 60' lang='lat'><strong>3—</strong></span> <span class='ocrx_word' id='word_1_390' title='bbox 716 2195 858 2230; x_wconf 84' lang='lat' dir='ltr'><strong>effectus</strong></span> <span class='ocrx_word' id='word_1_391' title='bbox 883 2194 937 2237; x_wconf 75' lang='lat' dir='ltr'><strong>—i</strong></span> <span class='ocrx_word' id='word_1_392' title='bbox 1197 2240 1203 2246; x_wconf 20' lang='grc' dir='ltr'><strong><em>ἢ</em></strong></span> <span class='ocrx_word' id='word_1_393' title='bbox 1781 2235 1800 2244; x_wconf 48' lang='grc'><strong>.-</strong></span> 
     </span>
     <span class='ocr_line' id='line_1_79' title="bbox 231 2235 1821 2287; baseline -0.006 -7"><span class='ocrx_word' id='word_1_394' title='bbox 231 2245 303 2278; x_wconf 80' lang='lat' dir='ltr'><strong>Art.</strong></span> <span class='ocrx_word' id='word_1_395' title='bbox 331 2242 369 2277; x_wconf 88' lang='lat' dir='ltr'><strong>ll.</strong></span> <span class='ocrx_word' id='word_1_396' title='bbox 414 2254 416 2284; x_wconf 69' lang='lat'><strong>3</strong></span> <span class='ocrx_word' id='word_1_397' title='bbox 935 2238 984 2282; x_wconf 95' lang='grc' dir='ltr'><strong>Ι-</strong></span> <span class='ocrx_word' id='word_1_398' title='bbox 1011 2241 1151 2287; x_wconf 87' lang='lat' dir='ltr'><strong>quando</strong></span> <span class='ocrx_word' id='word_1_399' title='bbox 1178 2245 1222 2274; x_wconf 85' lang='lat' dir='ltr'><strong>sit</strong></span> <span class='ocrx_word' id='word_1_400' title='bbox 1249 2239 1411 2285; x_wconf 83' lang='lat' dir='ltr'><strong>gencrale</strong></span> <span class='ocrx_word' id='word_1_401' title='bbox 1664 2251 1679 2269; x_wconf 90' lang='lat'>»</span> <span class='ocrx_word' id='word_1_402' title='bbox 1733 2235 1821 2271; x_wconf 71' lang='lat'><strong>2211</strong></span> 
     </span>
     <span class='ocr_line' id='line_1_80' title="bbox 199 2284 937 2326; baseline -0.007 -1"><span class='ocrx_word' id='word_1_403' title='bbox 199 2291 243 2326; x_wconf 89' lang='lat' dir='ltr'><strong>De</strong></span> <span class='ocrx_word' id='word_1_404' title='bbox 274 2291 379 2325; x_wconf 90' lang='lat' dir='ltr'><strong>inter·</strong></span> <span class='ocrx_word' id='word_1_405' title='bbox 414 2285 571 2325; x_wconf 83' lang='lat' dir='ltr'><strong>l-—locali</strong></span> <span class='ocrx_word' id='word_1_406' title='bbox 592 2310 627 2315; x_wconf 60' lang='lat'><em>-</em></span> <span class='ocrx_word' id='word_1_407' title='bbox 935 2284 937 2320; x_wconf 67' lang='lat' dir='ltr'><strong>i</strong></span> 
     </span>
     <span class='ocr_line' id='line_1_81' title="bbox 219 2325 1826 2385; baseline -0.006 -12"><span class='ocrx_word' id='word_1_408' title='bbox 219 2339 309 2373; x_wconf 84' lang='lat' dir='ltr'><strong>dicto</strong></span> <span class='ocrx_word' id='word_1_409' title='bbox 362 2333 416 2385; x_wconf 68' lang='grc' dir='ltr'><strong>-ξ</strong></span> <span class='ocrx_word' id='word_1_410' title='bbox 513 2354 516 2355; x_wconf 42' lang='grc'>’</span> <span class='ocrx_word' id='word_1_411' title='bbox 639 2347 641 2366; x_wconf 64' lang='lat' dir='ltr'><strong>i</strong></span> <span class='ocrx_word' id='word_1_412' title='bbox 935 2325 984 2361; x_wconf 65' lang='lat' dir='ltr'><strong>l—</strong></span> <span class='ocrx_word' id='word_1_413' title='bbox 1011 2336 1037 2369; x_wconf 90' lang='lat' dir='ltr'><strong>si</strong></span> <span class='ocrx_word' id='word_1_414' title='bbox 1066 2333 1274 2380; x_wconf 90' lang='lat' dir='ltr'><strong>particulare</strong></span> <span class='ocrx_word' id='word_1_415' title='bbox 1300 2333 1403 2368; x_wconf 82' lang='lat' dir='ltr'><strong>fuerit</strong></span> <span class='ocrx_word' id='word_1_416' title='bbox 1664 2345 1680 2364; x_wconf 74' lang='grc' dir='ltr'><strong>ι)</strong></span> <span class='ocrx_word' id='word_1_417' title='bbox 1735 2329 1826 2365; x_wconf 82' lang='grc'><strong>2272</strong></span> 
     </span>
     <span class='ocr_line' id='line_1_82' title="bbox 414 2415 1824 2488; baseline -0.006 -21"><span class='ocrx_word' id='word_1_418' title='bbox 414 2428 416 2488; x_wconf 53' lang='lat' dir='ltr'><strong>l</strong></span> <span class='ocrx_word' id='word_1_419' title='bbox 639 2415 689 2457; x_wconf 54' lang='lat' dir='ltr'><strong>l—</strong></span> <span class='ocrx_word' id='word_1_420' title='bbox 716 2431 978 2477; x_wconf 88' lang='lat' dir='ltr'><strong>interpretando</strong></span> <span class='ocrx_word' id='word_1_421' title='bbox 1664 2440 1678 2457; x_wconf 92' lang='lat'>»</span> <span class='ocrx_word' id='word_1_422' title='bbox 1733 2424 1824 2460; x_wconf 80' lang='grc'><strong>2273</strong></span> 
     </span>
     <span class='ocr_line' id='line_1_83' title="bbox 413 2497 1613 2582; baseline -0.006 -19"><span class='ocrx_word' id='word_1_423' title='bbox 413 2497 416 2582; x_wconf 64' lang='lat' dir='ltr'><strong>i</strong></span> <span class='ocrx_word' id='word_1_424' title='bbox 641 2548 689 2560; x_wconf 54' lang='lat'><strong>,—</strong></span> <span class='ocrx_word' id='word_1_425' title='bbox 718 2527 752 2561; x_wconf 93' lang='lat' dir='ltr'><strong>in</strong></span> <span class='ocrx_word' id='word_1_426' title='bbox 781 2538 867 2572; x_wconf 87' lang='lat' dir='ltr'><strong>quas</strong></span> <span class='ocrx_word' id='word_1_427' title='bbox 902 2531 1067 2572; x_wconf 83' lang='lat' dir='ltr'><strong>personas</strong></span> <span class='ocrx_word' id='word_1_428' title='bbox 1102 2524 1181 2560; x_wconf 85' lang='lat' dir='ltr'><strong>ferri</strong></span> <span class='ocrx_word' id='word_1_429' title='bbox 1217 2524 1325 2570; x_wconf 89' lang='lat' dir='ltr'><strong>possit</strong></span> <span class='ocrx_word' id='word_1_430' title='bbox 1359 2527 1392 2558; x_wconf 89' lang='lat' dir='ltr'><strong>et</strong></span> <span class='ocrx_word' id='word_1_431' title='bbox 1425 2522 1509 2568; x_wconf 86' lang='lat' dir='ltr'><strong>quid</strong></span> <span class='ocrx_word' id='word_1_432' title='bbox 1544 2532 1613 2556; x_wconf 80' lang='lat' dir='ltr'><strong>scr-</strong></span> 
     </span>
     <span class='ocr_line' id='line_1_84' title="bbox 414 2565 1825 2621; baseline -0.006 -11"><span class='ocrx_word' id='word_1_433' title='bbox 414 2591 465 2621; x_wconf 52' lang='lat'><strong>{—</strong></span> <span class='ocrx_word' id='word_1_434' title='bbox 493 2586 605 2620; x_wconf 88' lang='lat' dir='ltr'><strong>perso·</strong></span> <span class='ocrx_word' id='word_1_435' title='bbox 640 2574 641 2620; x_wconf 51' lang='lat' dir='ltr'>J</span> <span class='ocrx_word' id='word_1_436' title='bbox 670 2575 823 2609; x_wconf 78' lang='lat' dir='ltr'><strong>vandum</strong></span> <span class='ocrx_word' id='word_1_437' title='bbox 1664 2581 1680 2600; x_wconf 78' lang='lat'><strong>›&gt;</strong></span> <span class='ocrx_word' id='word_1_438' title='bbox 1734 2565 1825 2601; x_wconf 75' lang='grc'><strong>2274</strong></span> 
     </span>
     <span class='ocr_line' id='line_1_85' title="bbox 414 2622 641 2667; baseline -0.013 -9"><span class='ocrx_word' id='word_1_439' title='bbox 414 2624 416 2658; x_wconf 57' lang='lat'>1</span> <span class='ocrx_word' id='word_1_440' title='bbox 445 2622 514 2657; x_wconf 87' lang='lat' dir='ltr'><strong>nali</strong></span> <span class='ocrx_word' id='word_1_441' title='bbox 586 2626 641 2667; x_wconf 65' lang='lat' dir='ltr'><strong>—l</strong></span> 
     </span>
     <span class='ocr_line' id='line_1_86' title="bbox 415 2659 1825 2704; baseline -0.007 2"><span class='ocrx_word' id='word_1_442' title='bbox 415 2680 416 2683; x_wconf 76' lang='grc'>’</span> <span class='ocrx_word' id='word_1_443' title='bbox 646 2689 689 2693; x_wconf 82' lang='lat'>—</span> <span class='ocrx_word' id='word_1_444' title='bbox 714 2668 856 2704; x_wconf 81' lang='lat' dir='ltr'><strong>effectus</strong></span> <span class='ocrx_word' id='word_1_445' title='bbox 1665 2676 1679 2695; x_wconf 85' lang='lat'>»</span> <span class='ocrx_word' id='word_1_446' title='bbox 1733 2659 1825 2696; x_wconf 80' lang='grc'><strong>2275</strong></span> 
     </span>
     <span class='ocr_line' id='line_1_87' title="bbox 419 2738 1826 2813; baseline -0.006 -15"><span class='ocrx_word' id='word_1_447' title='bbox 419 2738 467 2813; x_wconf 73' lang='lat' dir='ltr'><strong>l—</strong></span> <span class='ocrx_word' id='word_1_448' title='bbox 497 2763 593 2798; x_wconf 84' lang='lat' dir='ltr'><strong>locali</strong></span> <span class='ocrx_word' id='word_1_449' title='bbox 624 2762 674 2797; x_wconf 85' lang='lat' dir='ltr'><strong>vel</strong></span> <span class='ocrx_word' id='word_1_450' title='bbox 703 2762 737 2796; x_wconf 93' lang='lat' dir='ltr'><strong>in</strong></span> <span class='ocrx_word' id='word_1_451' title='bbox 765 2761 1053 2797; x_wconf 84' lang='lat' dir='ltr'><strong>communitatem</strong></span> <span class='ocrx_word' id='word_1_452' title='bbox 1081 2760 1193 2805; x_wconf 85' lang='lat' dir='ltr'><strong>quoad</strong></span> <span class='ocrx_word' id='word_1_453' title='bbox 1227 2759 1394 2805; x_wconf 89' lang='lat' dir='ltr'><strong>permissa</strong></span> <span class='ocrx_word' id='word_1_454' title='bbox 1422 2754 1580 2802; x_wconf 75' lang='lat' dir='ltr'><strong>singuiis</strong></span> <span class='ocrx_word' id='word_1_455' title='bbox 1668 2770 1683 2788; x_wconf 93' lang='lat'>»</span> <span class='ocrx_word' id='word_1_456' title='bbox 1736 2753 1826 2790; x_wconf 82' lang='grc'><strong>2276</strong></span> 
     </span>
    </p>
   </div>
   <div class='ocr_carea' id='block_1_8' title="bbox 420 2816 917 2899">
    <p class='ocr_par' dir='ltr' id='par_1_19' title="bbox 420 2816 917 2899">
     <span class='ocr_line' id='line_1_88' title="bbox 420 2816 422 2838; baseline 0 0"><span class='ocrx_word' id='word_1_457' title='bbox 420 2816 422 2838; x_wconf 74' lang='lat' dir='ltr'><strong>l</strong></span> 
     </span>
     <span class='ocr_line' id='line_1_89' title="bbox 421 2854 917 2899; baseline -0.002 -8"><span class='ocrx_word' id='word_1_458' title='bbox 421 2854 467 2882; x_wconf 61' lang='lat'><strong>¹-</strong></span> <span class='ocrx_word' id='word_1_459' title='bbox 495 2856 540 2891; x_wconf 89' lang='lat' dir='ltr'><strong>ab</strong></span> <span class='ocrx_word' id='word_1_460' title='bbox 567 2856 724 2899; x_wconf 82' lang='lat' dir='ltr'><strong>ingressu</strong></span> <span class='ocrx_word' id='word_1_461' title='bbox 752 2855 917 2891; x_wconf 86' lang='lat' dir='ltr'><strong>ecclesiae</strong></span> 
     </span>
    </p>
   </div>
   <div class='ocr_carea' id='block_1_9' title="bbox 1666 2847 1826 2884">
    <p class='ocr_par' dir='ltr' id='par_1_20' title="bbox 1666 2847 1826 2884">
     <span class='ocr_line' id='line_1_90' title="bbox 1666 2847 1826 2884; baseline -0.006 0"><span class='ocrx_word' id='word_1_462' title='bbox 1666 2864 1681 2881; x_wconf 84' lang='lat'>»</span> <span class='ocrx_word' id='word_1_463' title='bbox 1735 2847 1826 2884; x_wconf 77' lang='grc'><strong>2277</strong></span> 
     </span>
    </p>
   </div>
  </div>
 </body>
</html>
