1981 3182
55 30 70 37 ,,

9 102 39 120 ,2,

165 143 262 180 (¹8¹1.
289 143 382 178 2359
661 144 744 177 Trr.
773 143 859 176 XV.
889 162 901 168 -
929 143 984 176 De
1009 146 1174 177 crimine
1200 142 1296 185 falsi
1724 143 1794 177 269

286 263 456 307 Dicente
479 275 636 307 canone
666 278 685 303 «
710 265 746 305 in
767 261 931 305 casibus
950 261 1215 317 gravioribus
1236 278 1254 302 »
1286 263 1540 318 indigitetur,
1563 262 1635 305 has
1655 262 1794 305 distin-

164 340 254 379 ctas
279 347 430 391 poenas
454 347 531 377 non
557 347 645 376 esse
669 332 925 376 enuntiative
949 332 1216 387 accipiendas
1251 345 1321 388 pro
1353 331 1527 388 singulis
1550 331 1792 390 delinquen-

166 405 290 459 tibus,
322 405 391 448 scd
426 404 689 459 Superiorem
718 406 827 446 iuxta
854 402 1113 459 prudentiam
1150 415 1264 445 suani
1300 403 1475 457 seligere
1509 402 1662 446 debere
1687 405 1793 446 inter

165 488 248 523 eas,
282 477 379 532 quin
407 474 482 518 boc
507 474 706 531 impediat
729 473 895 516 easdem
924 486 1040 528 posse
1066 472 1329 529 multiplicari
1366 486 1463 529 erga
1498 473 1691 516 eumdem
1714 472 1793 516 cle-

166 549 298 590 ricum
338 551 502 602 propter
538 544 921 601 multiplicationem
965 542 1210 586 delictorum
1255 544 1496 586 eorumdem
1546 543 1608 586 vel
1652 544 1790 586 diver-

163 630 320 661 sorum.

282 690 307 740 ἓ
337 688 380 731 .ῗρ
416 687 461 730 Si
493 686 622 729 aliter
653 699 700 729 ac
734 686 994 742 designatum
1043 690 1177 728 manet
1223 688 1260 728 in
1306 685 1467 729 duobus
1506 684 1789 742 paragraphis,

162 764 310 802 contra
354 763 516 801 sextum
559 755 749 813 decaloyi
788 760 1071 813 praeceptum,
1110 769 1146 798 r.
1181 769 1241 811 gr.
1278 757 1562 810 fornicatione,
1595 755 1787 798 sollicita-

163 831 272 872 tione
305 829 354 872 ad
390 831 538 884 turpia,
575 826 757 881 mollitie,
802 826 979 869 tactibus
1025 827 1257 882 impudicis,
1307 827 1367 869 vel
1413 825 1789 883 colloquutionibus

163 899 398 942 huiusmodi
433 897 689 955 deliquerint
725 900 888 953 proprie
934 899 1045 940 iuxta
1085 909 1175 940 can.
1212 897 1323 939 2195
1358 896 1409 940 ob
1441 899 1694 939 sanctionem
1729 898 1786 938 in-

159 969 477 1012 determinatam
503 968 625 1011 buius
649 967 911 1024 paragraphi,
937 967 1134 1024 conyruis
1154 968 1315 1025 poenis
1340 969 1429 1010 sive
1460 965 1787 1018 medicinalibus,

159 1042 249 1083 sive
286 1040 562 1093 vindicativis‚
606 1040 695 1081 sive
746 1039 939 1082 remediis
984 1038 1225 1095 poenalibus
1264 1043 1333 1081 aut
1379 1039 1652 1095 poenitentiis,
1677 1050 1788 1079 coer-

158 1117 334 1153 ceantur
365 1109 416 1154 ab
451 1109 613 1153 illorum
654 1109 901 1153 delictorum
944 1111 1261 1165 perpetratione,
1297 1122 1375 1151 non
1411 1113 1595 1166 arrepta,
1630 1109 1687 1150 uti
1720 1121 1786 1150 su-

158 1183 309 1238 periori
344 1180 485 1233 limite,
520 1179 653 1238 officii
686 1179 747 1222 vel
780 1179 966 1236 beneficii
1003 1196 1024 1221 «
1047 1180 1275 1223 secundum
1304 1179 1527 1223 verborum
1560 1180 1784 1235 proprieta-

157 1256 284 1294 tem»
322 1253 509 1294 strictam
540 1250 796 1309 precatione,
827 1251 965 1294 debite
1011 1250 1274 1306 procedendo
1317 1249 1546 1293 secundum
1593 1262 1786 1302 canones,

155 1322 338 1365 inaximo
370 1321 504 1379 quoad
544 1334 715 1378 poenam
751 1326 788 1364 et
823 1335 1061 1378 processum
1101 1321 1347 1364 alterutrum
1388 1323 1599 1363 titulorum
1638 1318 1783 1362 xxvii

156 1399 195 1437 et
230 1392 396 1436 XXVltl
432 1392 515 1436 Lib.
552 1392 614 1441 Ν,
650 1392 687 1435 si
711 1387 862 1435 ⁴eurum
897 1392 1136 1435 animarum
1169 1397 1335 1449 yerunl.
1369 1390 1485 1444 Quae
1508 1391 1690 1435 clausula
1726 1393 1782 1433 in-

157 1463 366 1520 telligatur
399 1476 565 1521 quoque
597 1463 647 1506 de
684 1465 849 1506 vicariis
884 1462 1187 1519 paroecialibus
1221 1462 1487 1519 quibuslibet.

792 1668 1026 1706 TITULUS
1058 1669 1146 1705 XV.

743 1770 807 1813 De
839 1771 1038 1813 crimine
1069 1770 1188 1812 falsi.

198 1912 282 1948 Cis.
304 1910 408 1946 ³2:360.
425 1932 441 1937 -
462 1915 480 1953 ἓ
504 1911 530 1945 l.
548 1910 680 1947 Omnes
701 1911 924 1947 fabricatores

150 1959 200 1995 vel
231 1959 359 1994 falsarii
394 1959 601 2000 litterarum,
627 1959 844 1994 decretorum
873 1959 923 1994 vcl

149 2007 392 2051 rescriptorum
403 2005 501 2041 Sedis
512 2006 728 2052 Apostolicae
738 2006 788 2041 vel
802 2007 923 2041 iisdem

150 2054 286 2095 litteris,
315 2053 460 2089 decretis
488 2053 537 2088 vel
566 2055 742 2099 rescriptis
776 2055 925 2089 scienter

149 2105 286 2137 utentes
313 2100 499 2136 incurrunt
518 2100 591 2146 ipso
612 2101 698 2136 facto
727 2102 760 2135 in
789 2112 924 2136 excom-

150 2148 423 2183 municationem
451 2148 590 2192 speciali
622 2149 721 2184 modo
740 2148 817 2184 Scdi
841 2150 924 2194 Apo·

147 2195 289 2231 stolicae
315 2199 538 2231 reservatam.

195 2247 213 2285 ξ
240 2242 273 2277 ’2.
303 2242 426 2279 Clerici
453 2241 621 2277 delictum
639 2242 681 2278 de
699 2254 767 2288 quo
795 2243 829 2277 in
858 2246 877 2285 ξ
910 2244 917 2276 l

145 2290 404 2325 committentes
418 2289 496 2325 aliis
513 2289 633 2335 poenis
648 2296 825 2336 practerea
836 2301 926 2325 coer-

146 2342 304 2377 ceantur,
337 2348 425 2384 quae
465 2348 572 2382 usque
610 2338 653 2372 ad
694 2338 922 2383 privationem

146 2384 317 2427 beneficii,
351 2384 467 2426 cilicii,
503 2383 685 2428 dignitatis
721 2390 754 2420 et
790 2385 923 2431 pensio-

145 2432 200 2466 nis
225 2432 478 2468 ecclesiasticae
513 2432 650 2467 extendi
684 2438 847 2478 possunt;
876 2443 924 2467 re-

144 2479 256 2524 ligiosi
292 2485 408 2515 autem
449 2478 628 2526 priventur
661 2479 825 2514 omnibus
851 2479 922 2514 ossi-

144 2527 207 2562 ciis
233 2538 321 2573 quae
350 2527 384 2561 in
412 2526 582 2570 religione
609 2526 738 2562 babent
772 2531 804 2562 et
843 2538 923 2561 voce

141 2575 254 2609 activa
279 2585 319 2609 ac
347 2574 493 2619 passiva,
522 2579 656 2618 praeter
681 2573 768 2608 alias
794 2584 922 2620 poenas

143 2621 179 2655 in
217 2622 365 2667 propriis
404 2622 575 2666 cuiusque
612 2621 922 2656 constitutionibus

144 2673 304 2704 statutas.

190 2714 275 2751 CAN.
307 2714 409 2750 2361.
427 2736 443 2741 -
464 2715 499 2751 Si
520 2715 598 2762 quis
627 2715 662 2749 in
693 2714 851 2760 precibus
877 2715 919 2749 ad

143 2763 349 2809 rescriptum
376 2774 396 2798 a
422 2763 510 2799 Sede
537 2761 734 2808 Apostolica
753 2766 803 2795 vet
823 2762 917 2798 aloci

143 2808 332 2845 Ordinario
348 2810 608 2856 impetrandum
631 2809 749 2843 fraude
776 2808 827 2844 vel
843 2809 920 2844 dolo

144 2867 263 2892 verum
290 2857 465 2893 reticuerit
483 2862 542 2893 aut
566 2857 690 2892 salsum
709 2856 917 2902 exposuerit,

1000 1916 1107 1957 potest
1134 1922 1153 1946 a
1180 1922 1240 1945 suo
1260 1909 1448 1946 Ordinario
1477 1921 1535 1956 pro
1561 1910 1685 1955 culpae
1704 1921 1776 1954 gra-

1000 1959 1103 1993 vitate
1123 1959 1253 2004 puniri,
1276 1958 1369 1993 salvo
1391 1958 1602 2003 praescripto
1622 1968 1700 1992 can.
1720 1955 1776 1991 45.

1003 2005 1101 2041 1051.

1047 2053 1132 2088 (jas.
1162 2050 1267 2086 2:362.
1288 2073 1304 2077 -
1323 2051 1531 2087 Litterarum
1553 2051 1603 2086 vel
1622 2056 1777 2086 actorum

998 2100 1310 2135 ecclesiasticorum
1331 2105 1401 2133 tam
1428 2098 1645 2145 publicorum
1673 2109 1776 2144 quam

1001 2147 1212 2193 privatorum
1243 2146 1467 2182 fabricatores
1495 2146 1547 2181 vel
1575 2146 1704 2180 falsarii
1727 2146 1776 2180 vel

1000 2194 1197 2229 huiusmodi
1218 2194 1438 2229 documentis
1457 2194 1606 2228 scienter
1625 2197 1774 2231 utentes,

1001 2253 1060 2288 pro
1086 2242 1255 2286 gravitate
1282 2241 1394 2276 delicti
1423 2246 1659 2281 coerceantur7
1679 2240 1777 2274 firmo

1001 2289 1213 2335 praescripto
1239 2300 1318 2323 can.
1349 2286 1453 2330 2406,
1484 2292 1502 2330 ξ
1535 2288 1561 2322 l.

1046 2336 1131 2371 CAN.
1163 2335 1266 2370 2363.
1304 2356 1325 2362 -
1364 2335 1399 2370 Si
1432 2336 1510 2381 quis
1539 2346 1596 2381 per
1622 2334 1774 2380 seipsum

999 2384 1048 2418 vel
1079 2394 1137 2429 per
1163 2383 1249 2419 alios
1269 2383 1521 2418 confessarium
1549 2383 1591 2417 de
1617 2382 1777 2416 sollicita-

1000 2431 1103 2465 tionis
1129 2431 1277 2465 crimine
1316 2431 1406 2476 apud
1448 2429 1649 2475 Superiores
1690 2429 1775 2463 falso

997 2478 1268 2518 denuntiaverit,
1296 2478 1370 2523 ipso
1391 2477 1479 2512 sacto
1498 2477 1645 2512 incurrit
1665 2476 1699 2510 in
1719 2486 1774 2511 ex-

997 2525 1354 2560 communicationem
1382 2524 1521 2570 speciali
1563 2524 1663 2558 modo
1694 2522 1772 2558 Sedi

998 2572 1214 2618 Apostolicae
1241 2577 1464 2613 reservatam,
1494 2583 1513 2606 a
1551 2582 1619 2617 qua
1654 2570 1774 2615 nequit

997 2620 1066 2655 ullo
1086 2620 1118 2654 in
1139 2630 1221 2655 casu
1239 2620 1385 2662 absolvi,
1409 2619 1474 2653 nisi
1497 2618 1619 2653 falsam
1638 2618 1772 2653 denun-

996 2667 1176 2702 tiationem
1222 2667 1412 2702 formaliter
1450 2665 1700 2708 retractaverit,
1741 2669 1773 2698 et

995 2715 1137 2755 damna,
1164 2714 1191 2748 si
1233 2725 1301 2760 qua
1339 2714 1421 2749 inde
1461 2718 1577 2749 secuta
1603 2712 1685 2753 sint,
1714 2722 1773 2757 pro

996 2762 1129 2796 viribus
1167 2761 1391 2807 reparaverit,
1430 2760 1591 2807 imposita
1631 2759 1773 2804 insuper

993 2809 1089 2854 gravi
1128 2820 1167 2844 ac
1207 2809 1375 2843 diuturna
1417 2807 1642 2854 poenitentia,
1674 2806 1772 2840 firmo

995 2856 1207 2902 praescripto
1232 2866 1312 2891 can.
1343 2853 1424 2889 894.
