<?xml version="1.0" encoding="UTF-8"?>
<!DOCTYPE html PUBLIC "-//W3C//DTD XHTML 1.0 Transitional//EN"
    "http://www.w3.org/TR/xhtml1/DTD/xhtml1-transitional.dtd">
<html xmlns="http://www.w3.org/1999/xhtml" xml:lang="en" lang="en">
 <head>
  <title>
</title>
<meta http-equiv="Content-Type" content="text/html;charset=utf-8" />
  <meta name='ocr-system' content='tesseract 3.04.00' />
  <meta name='ocr-capabilities' content='ocr_page ocr_carea ocr_par ocr_line ocrx_word'/>
</head>
<body>
  <div class='ocr_page' id='page_1' title='image "./commentariumtext05blatuoft_0261.png"; bbox 0 0 1981 3182; ppageno 0'>
   <div class='ocr_carea' id='block_1_1' title="bbox 146 121 1778 164">
    <p class='ocr_par' dir='ltr' id='par_1_1' title="bbox 146 121 1778 164">
     <span class='ocr_line' id='line_1_1' title="bbox 146 121 1778 164; baseline 0.004 -7"><span class='ocrx_word' id='word_1_1' title='bbox 146 121 239 157; x_wconf 80' lang='lat' dir='ltr'>Can.</span> <span class='ocrx_word' id='word_1_2' title='bbox 266 122 373 157; x_wconf 77' lang='lat'>2350.</span> <span class='ocrx_word' id='word_1_3' title='bbox 521 122 604 155; x_wconf 78' lang='lat' dir='ltr'>Tsr.</span> <span class='ocrx_word' id='word_1_4' title='bbox 628 122 731 157; x_wconf 72' lang='lat' dir='ltr'>XIV.</span> <span class='ocrx_word' id='word_1_5' title='bbox 755 144 765 149; x_wconf 92' lang='lat'>-</span> <span class='ocrx_word' id='word_1_6' title='bbox 786 125 842 159; x_wconf 85' lang='lat' dir='ltr'>De</span> <span class='ocrx_word' id='word_1_7' title='bbox 859 126 1010 159; x_wconf 73' lang='lat' dir='ltr'>delictis</span> <span class='ocrx_word' id='word_1_8' title='bbox 1031 129 1167 159; x_wconf 73' lang='lat' dir='ltr'>contra</span> <span class='ocrx_word' id='word_1_9' title='bbox 1190 129 1310 160; x_wconf 66' lang='lat' dir='ltr'>vitam</span> <span class='ocrx_word' id='word_1_10' title='bbox 1328 129 1396 161; x_wconf 73' lang='lat' dir='ltr'>etc.</span> <span class='ocrx_word' id='word_1_11' title='bbox 1708 131 1778 164; x_wconf 79' lang='lat'>‘249</span> 
     </span>
    </p>
   </div>
   <div class='ocr_carea' id='block_1_2' title="bbox 216 184 1760 194">
    <p class='ocr_par' dir='ltr' id='par_1_2' title="bbox 216 184 1760 194">
     <span class='ocr_line' id='line_1_2' title="bbox 216 184 1760 194; baseline 0 0"><span class='ocrx_word' id='word_1_12' title='bbox 216 184 1760 194; x_wconf 95' lang='lat' dir='ltr'> </span> 
     </span>
    </p>
   </div>
   <div class='ocr_carea' id='block_1_3' title="bbox 143 240 1778 2776">
    <p class='ocr_par' dir='ltr' id='par_1_3' title="bbox 145 240 1778 1355">
     <span class='ocr_line' id='line_1_3' title="bbox 148 240 1773 305; baseline 0.005 -22"><span class='ocrx_word' id='word_1_13' title='bbox 148 241 255 284; x_wconf 88' lang='lat' dir='ltr'>idem</span> <span class='ocrx_word' id='word_1_14' title='bbox 275 241 450 297; x_wconf 76' lang='lat' dir='ltr'><strong>Sapiens</strong></span> <span class='ocrx_word' id='word_1_15' title='bbox 473 242 582 285; x_wconf 85' lang='lat' dir='ltr'>dicat</span> <span class='ocrx_word' id='word_1_16' title='bbox 605 245 726 285; x_wconf 90' lang='lat' dir='ltr'>etiam</span> <span class='ocrx_word' id='word_1_17' title='bbox 754 243 789 285; x_wconf 85' lang='grc'>1;</span> <span class='ocrx_word' id='word_1_18' title='bbox 819 258 842 283; x_wconf 86' lang='grc'>«</span> <span class='ocrx_word' id='word_1_19' title='bbox 863 240 1011 286; x_wconf 87' lang='lat' dir='ltr'>Omnis</span> <span class='ocrx_word' id='word_1_20' title='bbox 1033 249 1169 287; x_wconf 89' lang='lat' dir='ltr'>autem</span> <span class='ocrx_word' id='word_1_21' title='bbox 1197 246 1437 301; x_wconf 79' lang='lat' dir='ltr'>ponderatio</span> <span class='ocrx_word' id='word_1_22' title='bbox 1463 260 1541 289; x_wconf 93' lang='lat' dir='ltr'>non</span> <span class='ocrx_word' id='word_1_23' title='bbox 1565 251 1625 290; x_wconf 88' lang='lat' dir='ltr'>est</span> <span class='ocrx_word' id='word_1_24' title='bbox 1648 248 1773 305; x_wconf 85' lang='lat' dir='ltr'>digna</span> 
     </span>
     <span class='ocr_line' id='line_1_4' title="bbox 147 313 1778 373; baseline 0.006 -20"><span class='ocrx_word' id='word_1_25' title='bbox 147 313 394 354; x_wconf 89' lang='lat' dir='ltr'>continentis</span> <span class='ocrx_word' id='word_1_26' title='bbox 426 314 650 366; x_wconf 75' lang='lat' dir='ltr'>animae»,</span> <span class='ocrx_word' id='word_1_27' title='bbox 675 313 824 356; x_wconf 90' lang='lat' dir='ltr'>delicta</span> <span class='ocrx_word' id='word_1_28' title='bbox 849 317 990 357; x_wconf 91' lang='lat' dir='ltr'>contra</span> <span class='ocrx_word' id='word_1_29' title='bbox 1018 316 1146 369; x_wconf 88' lang='lat' dir='ltr'>ipsam</span> <span class='ocrx_word' id='word_1_30' title='bbox 1173 317 1211 357; x_wconf 93' lang='lat' dir='ltr'>in</span> <span class='ocrx_word' id='word_1_31' title='bbox 1235 315 1369 359; x_wconf 89' lang='lat' dir='ltr'>aliena</span> <span class='ocrx_word' id='word_1_32' title='bbox 1404 330 1576 373; x_wconf 91' lang='lat' dir='ltr'>persona</span> <span class='ocrx_word' id='word_1_33' title='bbox 1610 321 1778 362; x_wconf 89' lang='lat' dir='ltr'>coniun-</span> 
     </span>
     <span class='ocr_line' id='line_1_5' title="bbox 147 383 1773 440; baseline 0.005 -16"><span class='ocrx_word' id='word_1_34' title='bbox 147 386 301 438; x_wconf 83' lang='lat' dir='ltr'>guntur</span> <span class='ocrx_word' id='word_1_35' title='bbox 334 385 565 426; x_wconf 88' lang='lat' dir='ltr'>necessario</span> <span class='ocrx_word' id='word_1_36' title='bbox 599 396 691 426; x_wconf 89' lang='lat' dir='ltr'>eum</span> <span class='ocrx_word' id='word_1_37' title='bbox 738 383 816 427; x_wconf 91' lang='lat' dir='ltr'>illis</span> <span class='ocrx_word' id='word_1_38' title='bbox 859 396 964 440; x_wconf 85' lang='lat' dir='ltr'>quae</span> <span class='ocrx_word' id='word_1_39' title='bbox 1015 383 1228 428; x_wconf 74' lang='lat' dir='ltr'>honestam</span> <span class='ocrx_word' id='word_1_40' title='bbox 1279 389 1402 429; x_wconf 84' lang='lat' dir='ltr'>vitam</span> <span class='ocrx_word' id='word_1_41' title='bbox 1454 388 1673 431; x_wconf 90' lang='lat' dir='ltr'>maculant.</span> <span class='ocrx_word' id='word_1_42' title='bbox 1708 389 1773 432; x_wconf 82' lang='lat' dir='ltr'>Sic</span> 
     </span>
     <span class='ocr_line' id='line_1_6' title="bbox 147 452 1772 510; baseline 0.004 -16"><span class='ocrx_word' id='word_1_43' title='bbox 147 465 246 509; x_wconf 83' lang='lat' dir='ltr'>ergo</span> <span class='ocrx_word' id='word_1_44' title='bbox 291 452 357 495; x_wconf 90' lang='lat' dir='ltr'>tali</span> <span class='ocrx_word' id='word_1_45' title='bbox 407 453 551 496; x_wconf 91' lang='lat' dir='ltr'>ordine</span> <span class='ocrx_word' id='word_1_46' title='bbox 600 459 823 510; x_wconf 74' lang='lat' dir='ltr'>pertractat</span> <span class='ocrx_word' id='word_1_47' title='bbox 862 453 1062 498; x_wconf 86' lang='lat' dir='ltr'>«Titulus</span> <span class='ocrx_word' id='word_1_48' title='bbox 1096 455 1200 500; x_wconf 86' lang='lat' dir='ltr'>XlV.</span> <span class='ocrx_word' id='word_1_49' title='bbox 1234 455 1293 499; x_wconf 93' lang='lat' dir='ltr'>De</span> <span class='ocrx_word' id='word_1_50' title='bbox 1339 457 1499 501; x_wconf 87' lang='lat' dir='ltr'>delictis</span> <span class='ocrx_word' id='word_1_51' title='bbox 1536 464 1677 502; x_wconf 88' lang='lat' dir='ltr'>contra</span> <span class='ocrx_word' id='word_1_52' title='bbox 1714 462 1772 501; x_wconf 71' lang='lat' dir='ltr'>vi-</span> 
     </span>
     <span class='ocr_line' id='line_1_7' title="bbox 149 523 1773 585; baseline 0.004 -19"><span class='ocrx_word' id='word_1_53' title='bbox 149 529 228 566; x_wconf 89' lang='lat' dir='ltr'>tam</span> <span class='ocrx_word' id='word_1_54' title='bbox 254 538 274 564; x_wconf 70' lang='lat'>2&gt;</span> <span class='ocrx_word' id='word_1_55' title='bbox 306 523 367 566; x_wconf 94' lang='lat' dir='ltr'>vel</span> <span class='ocrx_word' id='word_1_56' title='bbox 394 526 431 566; x_wconf 93' lang='lat' dir='ltr'>in</span> <span class='ocrx_word' id='word_1_57' title='bbox 457 526 517 566; x_wconf 94' lang='lat' dir='ltr'>sui</span> <span class='ocrx_word' id='word_1_58' title='bbox 543 526 657 567; x_wconf 88' lang='lat' dir='ltr'>initio</span> <span class='ocrx_word' id='word_1_59' title='bbox 692 538 763 579; x_wconf 86' lang='lat' dir='ltr'>per</span> <span class='ocrx_word' id='word_1_60' title='bbox 794 524 984 568; x_wconf 88' lang='lat' dir='ltr'>abortum</span> <span class='ocrx_word' id='word_1_61' title='bbox 1019 530 1089 568; x_wconf 90' lang='lat' dir='ltr'>aut</span> <span class='ocrx_word' id='word_1_62' title='bbox 1122 528 1158 568; x_wconf 90' lang='lat' dir='ltr'>in</span> <span class='ocrx_word' id='word_1_63' title='bbox 1197 529 1359 583; x_wconf 88' lang='lat' dir='ltr'>propria</span> <span class='ocrx_word' id='word_1_64' title='bbox 1396 541 1566 583; x_wconf 88' lang='lat' dir='ltr'>persona</span> <span class='ocrx_word' id='word_1_65' title='bbox 1601 543 1673 585; x_wconf 91' lang='lat' dir='ltr'>per</span> <span class='ocrx_word' id='word_1_66' title='bbox 1695 528 1773 573; x_wconf 84' lang='lat' dir='ltr'>sui·</span> 
     </span>
     <span class='ocr_line' id='line_1_8' title="bbox 147 593 1771 655; baseline 0.004 -18"><span class='ocrx_word' id='word_1_67' title='bbox 147 593 314 649; x_wconf 75' lang='lat' dir='ltr'>cidium‚</span> <span class='ocrx_word' id='word_1_68' title='bbox 352 596 389 636; x_wconf 92' lang='lat' dir='ltr'>in</span> <span class='ocrx_word' id='word_1_69' title='bbox 426 594 500 638; x_wconf 88' lang='lat' dir='ltr'>hac</span> <span class='ocrx_word' id='word_1_70' title='bbox 537 609 633 637; x_wconf 74' lang='lat' dir='ltr'>vero</span> <span class='ocrx_word' id='word_1_71' title='bbox 668 600 707 637; x_wconf 95' lang='lat' dir='ltr'>et</span> <span class='ocrx_word' id='word_1_72' title='bbox 739 595 913 638; x_wconf 88' lang='lat' dir='ltr'>aliorum</span> <span class='ocrx_word' id='word_1_73' title='bbox 952 609 1024 651; x_wconf 90' lang='lat' dir='ltr'>per</span> <span class='ocrx_word' id='word_1_74' title='bbox 1055 596 1254 651; x_wconf 81' lang='lat' dir='ltr'>duellum,</span> <span class='ocrx_word' id='word_1_75' title='bbox 1288 597 1339 640; x_wconf 91' lang='lat' dir='ltr'>de</span> <span class='ocrx_word' id='word_1_76' title='bbox 1372 598 1523 655; x_wconf 79' lang='lat' dir='ltr'>quibus</span> <span class='ocrx_word' id='word_1_77' title='bbox 1555 605 1648 642; x_wconf 93' lang='lat' dir='ltr'>sunt</span> <span class='ocrx_word' id='word_1_78' title='bbox 1682 613 1771 645; x_wconf 92' lang='lat' dir='ltr'>can.</span> 
     </span>
     <span class='ocr_line' id='line_1_9' title="bbox 148 663 1771 717; baseline 0.004 -11"><span class='ocrx_word' id='word_1_79' title='bbox 148 664 274 717; x_wconf 70' lang='lat'>&lt;2350‚</span> <span class='ocrx_word' id='word_1_80' title='bbox 310 664 434 707; x_wconf 66' lang='lat'>2351.</span> <span class='ocrx_word' id='word_1_81' title='bbox 472 664 624 708; x_wconf 78' lang='lat' dir='ltr'>Delicta</span> <span class='ocrx_word' id='word_1_82' title='bbox 664 669 849 707; x_wconf 83' lang='lat' dir='ltr'>«contra</span> <span class='ocrx_word' id='word_1_83' title='bbox 900 663 1182 708; x_wconf 80' lang='lat' dir='ltr'>libertatem»</span> <span class='ocrx_word' id='word_1_84' title='bbox 1220 673 1411 710; x_wconf 74' lang='lat' dir='ltr'>coercent</span> <span class='ocrx_word' id='word_1_85' title='bbox 1462 681 1550 711; x_wconf 89' lang='lat' dir='ltr'>can.</span> <span class='ocrx_word' id='word_1_86' title='bbox 1586 669 1698 712; x_wconf 59' lang='lat'>&lt;2352</span> <span class='ocrx_word' id='word_1_87' title='bbox 1735 672 1771 712; x_wconf 93' lang='lat' dir='ltr'>in</span> 
     </span>
     <span class='ocr_line' id='line_1_10' title="bbox 145 734 1776 791; baseline 0.004 -15"><span class='ocrx_word' id='word_1_88' title='bbox 145 738 253 777; x_wconf 91' lang='lat' dir='ltr'>statu</span> <span class='ocrx_word' id='word_1_89' title='bbox 287 734 440 790; x_wconf 82' lang='lat' dir='ltr'>duplici</span> <span class='ocrx_word' id='word_1_90' title='bbox 475 734 764 791; x_wconf 88' lang='lat' dir='ltr'>amplectendo</span> <span class='ocrx_word' id='word_1_91' title='bbox 801 740 839 777; x_wconf 94' lang='lat' dir='ltr'>et</span> <span class='ocrx_word' id='word_1_92' title='bbox 873 748 963 779; x_wconf 88' lang='lat' dir='ltr'>can.</span> <span class='ocrx_word' id='word_1_93' title='bbox 989 735 1100 778; x_wconf 65' lang='lat'>2353</span> <span class='ocrx_word' id='word_1_94' title='bbox 1137 738 1283 779; x_wconf 89' lang='lat' dir='ltr'>intuitu</span> <span class='ocrx_word' id='word_1_95' title='bbox 1320 740 1569 780; x_wconf 78' lang='lat' dir='ltr'>matrimonii</span> <span class='ocrx_word' id='word_1_96' title='bbox 1604 744 1674 782; x_wconf 88' lang='lat' dir='ltr'>aut</span> <span class='ocrx_word' id='word_1_97' title='bbox 1708 753 1776 783; x_wconf 85' lang='lat' dir='ltr'>ex·</span> 
     </span>
     <span class='ocr_line' id='line_1_11' title="bbox 147 804 1773 864; baseline 0.004 -18"><span class='ocrx_word' id='word_1_98' title='bbox 147 805 319 860; x_wconf 87' lang='lat' dir='ltr'>plendae</span> <span class='ocrx_word' id='word_1_99' title='bbox 353 804 534 848; x_wconf 87' lang='lat' dir='ltr'>libidinis</span> <span class='ocrx_word' id='word_1_100' title='bbox 567 818 703 849; x_wconf 90' lang='lat' dir='ltr'>causa.</span> <span class='ocrx_word' id='word_1_101' title='bbox 739 805 895 849; x_wconf 84' lang='lat' dir='ltr'>Delicta</span> <span class='ocrx_word' id='word_1_102' title='bbox 934 820 1030 849; x_wconf 80' lang='lat' dir='ltr'>vero</span> <span class='ocrx_word' id='word_1_103' title='bbox 1064 812 1205 849; x_wconf 88' lang='lat' dir='ltr'>contra</span> <span class='ocrx_word' id='word_1_104' title='bbox 1239 807 1320 850; x_wconf 88' lang='lat' dir='ltr'>duo</span> <span class='ocrx_word' id='word_1_105' title='bbox 1356 809 1565 864; x_wconf 84' lang='lat' dir='ltr'>praedicta</span> <span class='ocrx_word' id='word_1_106' title='bbox 1597 808 1701 853; x_wconf 86' lang='lat' dir='ltr'>bona</span> <span class='ocrx_word' id='word_1_107' title='bbox 1735 815 1773 853; x_wconf 87' lang='lat' dir='ltr'>et</span> 
     </span>
     <span class='ocr_line' id='line_1_12' title="bbox 150 878 1771 933; baseline 0.006 -18"><span class='ocrx_word' id='word_1_108' title='bbox 150 878 535 931; x_wconf 82' lang='lat' dir='ltr'>«proprietatem»</span> <span class='ocrx_word' id='word_1_109' title='bbox 575 880 837 933; x_wconf 79' lang='lat' dir='ltr'>persequitur</span> <span class='ocrx_word' id='word_1_110' title='bbox 870 890 960 920; x_wconf 85' lang='lat' dir='ltr'>can.</span> <span class='ocrx_word' id='word_1_111' title='bbox 997 878 1123 931; x_wconf 72' lang='lat'><strong>2354,</strong></span> <span class='ocrx_word' id='word_1_112' title='bbox 1152 878 1251 921; x_wconf 89' lang='lat' dir='ltr'>dum</span> <span class='ocrx_word' id='word_1_113' title='bbox 1284 878 1362 921; x_wconf 88' lang='lat' dir='ltr'>alia</span> <span class='ocrx_word' id='word_1_114' title='bbox 1397 884 1539 922; x_wconf 89' lang='lat' dir='ltr'>contra</span> <span class='ocrx_word' id='word_1_115' title='bbox 1580 896 1598 921; x_wconf 84' lang='lat'>(‹</span> <span class='ocrx_word' id='word_1_116' title='bbox 1625 880 1771 924; x_wconf 85' lang='lat' dir='ltr'>bonam</span> 
     </span>
     <span class='ocr_line' id='line_1_13' title="bbox 146 946 1773 1004; baseline 0.004 -17"><span class='ocrx_word' id='word_1_117' title='bbox 146 946 296 988; x_wconf 82' lang='lat' dir='ltr'>famam</span> <span class='ocrx_word' id='word_1_118' title='bbox 322 961 341 986; x_wconf 87' lang='grc'>))</span> <span class='ocrx_word' id='word_1_119' title='bbox 382 947 608 1002; x_wconf 88' lang='lat' dir='ltr'>puniuntur</span> <span class='ocrx_word' id='word_1_120' title='bbox 640 952 748 989; x_wconf 72' lang='lat' dir='ltr'>can.⁰</span> <span class='ocrx_word' id='word_1_121' title='bbox 784 948 909 990; x_wconf 64' lang='lat'>2355.</span> <span class='ocrx_word' id='word_1_122' title='bbox 945 947 1132 1004; x_wconf 80' lang='lat' dir='ltr'>Denique</span> <span class='ocrx_word' id='word_1_123' title='bbox 1167 953 1208 991; x_wconf 89' lang='lat' dir='ltr'>ut</span> <span class='ocrx_word' id='word_1_124' title='bbox 1242 948 1411 992; x_wconf 87' lang='lat' dir='ltr'>honeste</span> <span class='ocrx_word' id='word_1_125' title='bbox 1449 952 1589 993; x_wconf 74' lang='lat' dir='ltr'>vivant</span> <span class='ocrx_word' id='word_1_126' title='bbox 1616 951 1773 1004; x_wconf 76' lang='lat' dir='ltr'>fideles,</span> 
     </span>
     <span class='ocr_line' id='line_1_14' title="bbox 146 1017 1771 1076; baseline 0.004 -19"><span class='ocrx_word' id='word_1_127' title='bbox 146 1017 356 1059; x_wconf 80' lang='lat' dir='ltr'>invenitur</span> <span class='ocrx_word' id='word_1_128' title='bbox 397 1019 554 1060; x_wconf 87' lang='lat' dir='ltr'>sanctio</span> <span class='ocrx_word' id='word_1_129' title='bbox 598 1020 795 1061; x_wconf 87' lang='lat' dir='ltr'>canonica</span> <span class='ocrx_word' id='word_1_130' title='bbox 833 1020 869 1060; x_wconf 92' lang='lat' dir='ltr'>in</span> <span class='ocrx_word' id='word_1_131' title='bbox 905 1030 994 1061; x_wconf 87' lang='lat' dir='ltr'>can.</span> <span class='ocrx_word' id='word_1_132' title='bbox 1033 1019 1142 1061; x_wconf 66' lang='lat'>2256</span> <span class='ocrx_word' id='word_1_133' title='bbox 1178 1023 1318 1062; x_wconf 86' lang='lat' dir='ltr'>contra</span> <span class='ocrx_word' id='word_1_134' title='bbox 1353 1019 1590 1076; x_wconf 67' lang='lat' dir='ltr'>bigamiam,</span> <span class='ocrx_word' id='word_1_135' title='bbox 1626 1026 1663 1064; x_wconf 92' lang='lat' dir='ltr'>et</span> <span class='ocrx_word' id='word_1_136' title='bbox 1700 1025 1771 1064; x_wconf 92' lang='lat' dir='ltr'>mi-</span> 
     </span>
     <span class='ocr_line' id='line_1_15' title="bbox 146 1086 1775 1150; baseline 0.004 -22"><span class='ocrx_word' id='word_1_137' title='bbox 146 1100 285 1129; x_wconf 88' lang='lat' dir='ltr'>norem</span> <span class='ocrx_word' id='word_1_138' title='bbox 325 1086 386 1130; x_wconf 91' lang='lat' dir='ltr'>vel</span> <span class='ocrx_word' id='word_1_139' title='bbox 423 1089 620 1131; x_wconf 90' lang='lat' dir='ltr'>maiorem</span> <span class='ocrx_word' id='word_1_140' title='bbox 659 1101 830 1144; x_wconf 88' lang='lat' dir='ltr'>poenam</span> <span class='ocrx_word' id='word_1_141' title='bbox 859 1102 930 1144; x_wconf 87' lang='lat' dir='ltr'>pro</span> <span class='ocrx_word' id='word_1_142' title='bbox 953 1089 1196 1133; x_wconf 73' lang='lat' dir='ltr'>diversitate</span> <span class='ocrx_word' id='word_1_143' title='bbox 1232 1104 1499 1146; x_wconf 86' lang='lat' dir='ltr'>personarum</span> <span class='ocrx_word' id='word_1_144' title='bbox 1534 1091 1775 1150; x_wconf 84' lang='lat' dir='ltr'>delinquen-</span> 
     </span>
     <span class='ocr_line' id='line_1_16' title="bbox 146 1159 1773 1217; baseline 0.003 -17"><span class='ocrx_word' id='word_1_145' title='bbox 146 1160 244 1199; x_wconf 91' lang='lat' dir='ltr'>tium</span> <span class='ocrx_word' id='word_1_146' title='bbox 279 1162 463 1201; x_wconf 90' lang='lat' dir='ltr'>statuunt</span> <span class='ocrx_word' id='word_1_147' title='bbox 497 1172 688 1214; x_wconf 66' lang='lat' dir='ltr'>canones,</span> <span class='ocrx_word' id='word_1_148' title='bbox 716 1159 826 1202; x_wconf 72' lang='lat'>2357</span> <span class='ocrx_word' id='word_1_149' title='bbox 854 1160 1026 1217; x_wconf 79' lang='lat' dir='ltr'>loquens</span> <span class='ocrx_word' id='word_1_150' title='bbox 1058 1160 1110 1203; x_wconf 83' lang='lat' dir='ltr'>de</span> <span class='ocrx_word' id='word_1_151' title='bbox 1145 1160 1272 1215; x_wconf 70' lang='lat' dir='ltr'>laicis,</span> <span class='ocrx_word' id='word_1_152' title='bbox 1298 1162 1409 1203; x_wconf 72' lang='lat'>‘2358</span> <span class='ocrx_word' id='word_1_153' title='bbox 1434 1162 1484 1205; x_wconf 91' lang='lat' dir='ltr'>de</span> <span class='ocrx_word' id='word_1_154' title='bbox 1508 1162 1670 1206; x_wconf 86' lang='lat' dir='ltr'>clericis</span> <span class='ocrx_word' id='word_1_155' title='bbox 1704 1165 1773 1205; x_wconf 89' lang='lat' dir='ltr'>mi-</span> 
     </span>
     <span class='ocr_line' id='line_1_17' title="bbox 145 1227 1772 1277; baseline 0.004 -7"><span class='ocrx_word' id='word_1_156' title='bbox 145 1227 314 1271; x_wconf 89' lang='lat' dir='ltr'>noribus</span> <span class='ocrx_word' id='word_1_157' title='bbox 357 1234 395 1271; x_wconf 92' lang='lat' dir='ltr'>et</span> <span class='ocrx_word' id='word_1_158' title='bbox 430 1228 541 1273; x_wconf 67' lang='lat'>2359</span> <span class='ocrx_word' id='word_1_159' title='bbox 576 1230 627 1273; x_wconf 89' lang='lat' dir='ltr'>de</span> <span class='ocrx_word' id='word_1_160' title='bbox 669 1230 832 1273; x_wconf 82' lang='lat' dir='ltr'>clericis</span> <span class='ocrx_word' id='word_1_161' title='bbox 877 1233 914 1272; x_wconf 93' lang='lat' dir='ltr'>in</span> <span class='ocrx_word' id='word_1_162' title='bbox 958 1233 1086 1274; x_wconf 85' lang='lat' dir='ltr'>sacris</span> <span class='ocrx_word' id='word_1_163' title='bbox 1128 1233 1217 1274; x_wconf 77' lang='lat' dir='ltr'>sire</span> <span class='ocrx_word' id='word_1_164' title='bbox 1260 1232 1542 1276; x_wconf 85' lang='lat' dir='ltr'>saecularibus</span> <span class='ocrx_word' id='word_1_165' title='bbox 1583 1235 1672 1277; x_wconf 75' lang='lat' dir='ltr'>sive</span> <span class='ocrx_word' id='word_1_166' title='bbox 1711 1248 1772 1277; x_wconf 93' lang='lat' dir='ltr'>re-</span> 
     </span>
     <span class='ocr_line' id='line_1_18' title="bbox 146 1298 313 1355; baseline 0.006 -14"><span class='ocrx_word' id='word_1_167' title='bbox 146 1298 313 1355; x_wconf 84' lang='lat' dir='ltr'>ligiosis.</span> 
     </span>
    </p>

    <p class='ocr_par' dir='ltr' id='par_1_4' title="bbox 145 1370 1773 1839">
     <span class='ocr_line' id='line_1_19' title="bbox 264 1370 1771 1418; baseline 0.004 -6"><span class='ocrx_word' id='word_1_168' title='bbox 264 1370 360 1413; x_wconf 68' lang='lat'><strong>192.</strong></span> <span class='ocrx_word' id='word_1_169' title='bbox 398 1373 581 1417; x_wconf 80' lang='lat' dir='ltr'>Contra</span> <span class='ocrx_word' id='word_1_170' title='bbox 613 1375 842 1418; x_wconf 84' lang='lat' dir='ltr'>abortum</span> <span class='ocrx_word' id='word_1_171' title='bbox 876 1377 925 1418; x_wconf 86' lang='lat' dir='ltr'>et</span> <span class='ocrx_word' id='word_1_172' title='bbox 958 1375 1210 1418; x_wconf 84' lang='lat' dir='ltr'>suicidium</span> <span class='ocrx_word' id='word_1_173' title='bbox 1246 1378 1282 1416; x_wconf 88' lang='lat' dir='ltr'>et</span> <span class='ocrx_word' id='word_1_174' title='bbox 1317 1379 1452 1416; x_wconf 87' lang='lat' dir='ltr'>actum</span> <span class='ocrx_word' id='word_1_175' title='bbox 1483 1377 1544 1417; x_wconf 89' lang='lat' dir='ltr'>sui</span> <span class='ocrx_word' id='word_1_176' title='bbox 1571 1375 1771 1418; x_wconf 75' lang='lat' dir='ltr'>taesivum</span> 
     </span>
     <span class='ocr_line' id='line_1_20' title="bbox 147 1439 1773 1500; baseline 0.004 -18"><span class='ocrx_word' id='word_1_177' title='bbox 147 1439 250 1484; x_wconf 88' lang='lat' dir='ltr'>latus</span> <span class='ocrx_word' id='word_1_178' title='bbox 283 1446 343 1484; x_wconf 88' lang='lat' dir='ltr'>est</span> <span class='ocrx_word' id='word_1_179' title='bbox 375 1456 465 1483; x_wconf 74' lang='lat' dir='ltr'>can.</span> <span class='ocrx_word' id='word_1_180' title='bbox 509 1444 649 1485; x_wconf 66' lang='lat'><em>2350.</em></span> <span class='ocrx_word' id='word_1_181' title='bbox 698 1442 833 1485; x_wconf 87' lang='lat' dir='ltr'>Primo</span> <span class='ocrx_word' id='word_1_182' title='bbox 876 1444 1042 1500; x_wconf 83' lang='lat' dir='ltr'>quidem</span> <span class='ocrx_word' id='word_1_183' title='bbox 1084 1444 1223 1487; x_wconf 76' lang='lat' dir='ltr'>Sixtus</span> <span class='ocrx_word' id='word_1_184' title='bbox 1259 1443 1286 1485; x_wconf 75' lang='grc' dir='ltr'>Υ</span> <span class='ocrx_word' id='word_1_185' title='bbox 1320 1445 1615 1488; x_wconf 88' lang='lat' dir='ltr'>animadvertit</span> <span class='ocrx_word' id='word_1_186' title='bbox 1657 1460 1773 1489; x_wconf 78' lang='lat' dir='ltr'>seve—</span> 
     </span>
     <span class='ocr_line' id='line_1_21' title="bbox 146 1510 1770 1572; baseline 0.004 -19"><span class='ocrx_word' id='word_1_187' title='bbox 146 1513 230 1554; x_wconf 89' lang='lat' dir='ltr'>rius</span> <span class='ocrx_word' id='word_1_188' title='bbox 263 1513 301 1554; x_wconf 89' lang='lat' dir='ltr'>in</span> <span class='ocrx_word' id='word_1_189' title='bbox 335 1510 504 1555; x_wconf 90' lang='lat' dir='ltr'>abortus</span> <span class='ocrx_word' id='word_1_190' title='bbox 542 1515 699 1556; x_wconf 85' lang='lat' dir='ltr'>crimen</span> <span class='ocrx_word' id='word_1_191' title='bbox 746 1527 818 1569; x_wconf 91' lang='lat' dir='ltr'>per</span> <span class='ocrx_word' id='word_1_192' title='bbox 861 1520 989 1557; x_wconf 90' lang='lat' dir='ltr'>const.</span> <span class='ocrx_word' id='word_1_193' title='bbox 1029 1530 1050 1555; x_wconf 87' lang='lat'>«</span> <span class='ocrx_word' id='word_1_194' title='bbox 1074 1514 1322 1557; x_wconf 76' lang='lat' dir='ltr'>Elii-enatam</span> <span class='ocrx_word' id='word_1_195' title='bbox 1350 1531 1368 1555; x_wconf 83' lang='lat'>»</span> <span class='ocrx_word' id='word_1_196' title='bbox 1394 1516 1406 1537; x_wconf 69' lang='lat'>&#39;³</span> <span class='ocrx_word' id='word_1_197' title='bbox 1441 1518 1559 1559; x_wconf 88' lang='lat' dir='ltr'>cuius</span> <span class='ocrx_word' id='word_1_198' title='bbox 1592 1518 1770 1572; x_wconf 81' lang='lat' dir='ltr'>rigorem</span> 
     </span>
     <span class='ocr_line' id='line_1_22' title="bbox 146 1583 1770 1641; baseline 0.004 -18"><span class='ocrx_word' id='word_1_199' title='bbox 146 1585 393 1638; x_wconf 77' lang='lat' dir='ltr'>temperavit</span> <span class='ocrx_word' id='word_1_200' title='bbox 426 1583 550 1640; x_wconf 82' lang='lat' dir='ltr'>(ireg.</span> <span class='ocrx_word' id='word_1_201' title='bbox 586 1583 674 1626; x_wconf 70' lang='lat' dir='ltr'>xlv</span> <span class='ocrx_word' id='word_1_202' title='bbox 700 1586 737 1626; x_wconf 90' lang='lat' dir='ltr'>in</span> <span class='ocrx_word' id='word_1_203' title='bbox 763 1590 892 1628; x_wconf 87' lang='lat' dir='ltr'>const.</span> <span class='ocrx_word' id='word_1_204' title='bbox 918 1600 937 1624; x_wconf 83' lang='lat'>«</span> <span class='ocrx_word' id='word_1_205' title='bbox 961 1585 1087 1628; x_wconf 66' lang='lat' dir='ltr'>Sedes</span> <span class='ocrx_word' id='word_1_206' title='bbox 1121 1585 1355 1641; x_wconf 80' lang='lat' dir='ltr'>Apostolica</span> <span class='ocrx_word' id='word_1_207' title='bbox 1381 1602 1400 1626; x_wconf 86' lang='grc'>»</span> <span class='ocrx_word' id='word_1_208' title='bbox 1425 1585 1451 1628; x_wconf 81' lang='lat'>³.</span> <span class='ocrx_word' id='word_1_209' title='bbox 1480 1586 1573 1629; x_wconf 84' lang='lat' dir='ltr'>Pius</span> <span class='ocrx_word' id='word_1_210' title='bbox 1599 1600 1695 1629; x_wconf 74' lang='lat' dir='ltr'>vero</span> <span class='ocrx_word' id='word_1_211' title='bbox 1720 1587 1770 1629; x_wconf 79' lang='lat' dir='ltr'>lx</span> 
     </span>
     <span class='ocr_line' id='line_1_23' title="bbox 145 1654 1766 1710; baseline 0.005 -17"><span class='ocrx_word' id='word_1_212' title='bbox 145 1654 182 1694; x_wconf 93' lang='lat' dir='ltr'>in</span> <span class='ocrx_word' id='word_1_213' title='bbox 217 1658 343 1697; x_wconf 88' lang='lat' dir='ltr'>const.</span> <span class='ocrx_word' id='word_1_214' title='bbox 385 1669 406 1694; x_wconf 75' lang='lat' dir='ltr'>c&lt;</span> <span class='ocrx_word' id='word_1_215' title='bbox 429 1654 691 1710; x_wconf 81' lang='lat' dir='ltr'>Apostolicae</span> <span class='ocrx_word' id='word_1_216' title='bbox 725 1655 842 1699; x_wconf 88' lang='lat' dir='ltr'>Sedis</span> <span class='ocrx_word' id='word_1_217' title='bbox 864 1656 919 1695; x_wconf 73' lang='lat'>»⁴</span> <span class='ocrx_word' id='word_1_218' title='bbox 952 1655 1029 1699; x_wconf 76' lang='lat' dir='ltr'>sul)</span> <span class='ocrx_word' id='word_1_219' title='bbox 1062 1658 1086 1709; x_wconf 59' lang='grc' dir='ltr'>ξ</span> <span class='ocrx_word' id='word_1_220' title='bbox 1121 1656 1184 1710; x_wconf 79' lang='grc' dir='ltr'>ΙΙΙ,</span> <span class='ocrx_word' id='word_1_221' title='bbox 1220 1669 1255 1700; x_wconf 92' lang='lat' dir='ltr'>n.</span> <span class='ocrx_word' id='word_1_222' title='bbox 1294 1657 1315 1698; x_wconf 73' lang='grc'>2</span> <span class='ocrx_word' id='word_1_223' title='bbox 1350 1657 1479 1699; x_wconf 79' lang='lat' dir='ltr'>edixit</span> <span class='ocrx_word' id='word_1_224' title='bbox 1504 1659 1541 1699; x_wconf 93' lang='lat' dir='ltr'>in</span> <span class='ocrx_word' id='word_1_225' title='bbox 1571 1672 1591 1698; x_wconf 83' lang='lat'>«</span> <span class='ocrx_word' id='word_1_226' title='bbox 1620 1658 1766 1701; x_wconf 88' lang='lat' dir='ltr'>Procu-</span> 
     </span>
     <span class='ocr_line' id='line_1_24' title="bbox 146 1723 1770 1785; baseline 0.004 -20"><span class='ocrx_word' id='word_1_227' title='bbox 146 1728 282 1767; x_wconf 88' lang='lat' dir='ltr'>rantes</span> <span class='ocrx_word' id='word_1_228' title='bbox 314 1723 520 1780; x_wconf 83' lang='lat' dir='ltr'>abortum,</span> <span class='ocrx_word' id='word_1_229' title='bbox 539 1726 685 1769; x_wconf 79' lang='lat' dir='ltr'>eflectn</span> <span class='ocrx_word' id='word_1_230' title='bbox 720 1731 895 1783; x_wconf 78' lang='lat' dir='ltr'>sequuto</span> <span class='ocrx_word' id='word_1_231' title='bbox 919 1742 940 1767; x_wconf 88' lang='lat'>»</span> <span class='ocrx_word' id='word_1_232' title='bbox 969 1729 1599 1785; x_wconf 81' lang='lat' dir='ltr'>excommunicationem,quam</span> <span class='ocrx_word' id='word_1_233' title='bbox 1635 1728 1770 1772; x_wconf 80' lang='lat' dir='ltr'>Codex</span> 
     </span>
     <span class='ocr_line' id='line_1_25' title="bbox 145 1793 635 1839; baseline 0.002 -3"><span class='ocrx_word' id='word_1_234' title='bbox 145 1796 182 1837; x_wconf 89' lang='lat' dir='ltr'>in</span> <span class='ocrx_word' id='word_1_235' title='bbox 218 1793 294 1838; x_wconf 86' lang='lat' dir='ltr'>hoc</span> <span class='ocrx_word' id='word_1_236' title='bbox 329 1795 418 1839; x_wconf 90' lang='lat' dir='ltr'>loco</span> <span class='ocrx_word' id='word_1_237' title='bbox 452 1798 635 1839; x_wconf 91' lang='lat' dir='ltr'>retinuit.</span> 
     </span>
    </p>

    <p class='ocr_par' dir='ltr' id='par_1_5' title="bbox 143 1866 1775 2776">
     <span class='ocr_line' id='line_1_26' title="bbox 261 1866 1771 1926; baseline 0.001 -17"><span class='ocrx_word' id='word_1_238' title='bbox 261 1866 459 1923; x_wconf 84' lang='lat' dir='ltr'>Apprime</span> <span class='ocrx_word' id='word_1_239' title='bbox 492 1867 748 1924; x_wconf 84' lang='lat' dir='ltr'>distinguere</span> <span class='ocrx_word' id='word_1_240' title='bbox 781 1874 940 1924; x_wconf 86' lang='lat' dir='ltr'>oportet</span> <span class='ocrx_word' id='word_1_241' title='bbox 975 1868 1163 1911; x_wconf 81' lang='lat' dir='ltr'>abortum</span> <span class='ocrx_word' id='word_1_242' title='bbox 1199 1868 1250 1912; x_wconf 78' lang='lat' dir='ltr'>al)</span> <span class='ocrx_word' id='word_1_243' title='bbox 1282 1869 1584 1913; x_wconf 80' lang='lat' dir='ltr'>acceleratione</span> <span class='ocrx_word' id='word_1_244' title='bbox 1619 1875 1771 1926; x_wconf 89' lang='lat' dir='ltr'>partus.</span> 
     </span>
     <span class='ocr_line' id='line_1_27' title="bbox 147 1935 1771 1997; baseline 0.003 -18"><span class='ocrx_word' id='word_1_245' title='bbox 147 1935 215 1980; x_wconf 93' lang='lat' dir='ltr'>llle</span> <span class='ocrx_word' id='word_1_246' title='bbox 246 1942 306 1980; x_wconf 89' lang='lat' dir='ltr'>est</span> <span class='ocrx_word' id='word_1_247' title='bbox 342 1940 505 1994; x_wconf 86' lang='lat' dir='ltr'>proprie</span> <span class='ocrx_word' id='word_1_248' title='bbox 544 1941 735 1982; x_wconf 80' lang='lat' dir='ltr'>«eiectio</span> <span class='ocrx_word' id='word_1_249' title='bbox 769 1940 873 1983; x_wconf 88' lang='lat' dir='ltr'>l&#39;etus</span> <span class='ocrx_word' id='word_1_250' title='bbox 909 1942 1181 1991; x_wconf 74' lang='lat' dir='ltr'>immaturi»,</span> <span class='ocrx_word' id='word_1_251' title='bbox 1216 1943 1284 1997; x_wconf 85' lang='lat' dir='ltr'>qui</span> <span class='ocrx_word' id='word_1_252' title='bbox 1321 1941 1493 1996; x_wconf 89' lang='lat' dir='ltr'>proinde</span> <span class='ocrx_word' id='word_1_253' title='bbox 1529 1943 1670 1984; x_wconf 80' lang='lat' dir='ltr'>vivere</span> <span class='ocrx_word' id='word_1_254' title='bbox 1704 1955 1771 1984; x_wconf 92' lang='lat' dir='ltr'>ne-</span> 
     </span>
     <span class='ocr_line' id='line_1_28' title="bbox 143 2007 1775 2067; baseline 0.003 -17"><span class='ocrx_word' id='word_1_255' title='bbox 143 2007 289 2065; x_wconf 82' lang='lat' dir='ltr'>quibit,</span> <span class='ocrx_word' id='word_1_256' title='bbox 309 2021 384 2052; x_wconf 91' lang='lat' dir='ltr'>nec</span> <span class='ocrx_word' id='word_1_257' title='bbox 419 2009 540 2052; x_wconf 85' lang='lat' dir='ltr'>relert</span> <span class='ocrx_word' id='word_1_258' title='bbox 574 2021 624 2052; x_wconf 90' lang='lat' dir='ltr'>an</span> <span class='ocrx_word' id='word_1_259' title='bbox 661 2013 774 2066; x_wconf 91' lang='lat' dir='ltr'>prius</span> <span class='ocrx_word' id='word_1_260' title='bbox 807 2011 1033 2054; x_wconf 87' lang='lat' dir='ltr'>occidatur.</span> <span class='ocrx_word' id='word_1_261' title='bbox 1070 2010 1245 2054; x_wconf 90' lang='lat' dir='ltr'>Econtra</span> <span class='ocrx_word' id='word_1_262' title='bbox 1280 2010 1454 2054; x_wconf 80' lang='lat' dir='ltr'>liabetur</span> <span class='ocrx_word' id='word_1_263' title='bbox 1489 2017 1629 2067; x_wconf 88' lang='lat' dir='ltr'>partus</span> <span class='ocrx_word' id='word_1_264' title='bbox 1661 2025 1775 2055; x_wconf 89' lang='lat' dir='ltr'>acce-</span> 
     </span>
     <span class='ocr_line' id='line_1_29' title="bbox 145 2073 1773 2139; baseline 0.002 -18"><span class='ocrx_word' id='word_1_265' title='bbox 145 2078 302 2133; x_wconf 68' lang='lat' dir='ltr'>leratio,</span> <span class='ocrx_word' id='word_1_266' title='bbox 335 2079 499 2136; x_wconf 82' lang='lat' dir='ltr'>quando</span> <span class='ocrx_word' id='word_1_267' title='bbox 538 2086 763 2137; x_wconf 91' lang='lat' dir='ltr'>conceptus</span> <span class='ocrx_word' id='word_1_268' title='bbox 807 2083 884 2125; x_wconf 90' lang='lat' dir='ltr'>iam</span> <span class='ocrx_word' id='word_1_269' title='bbox 932 2083 1080 2124; x_wconf 89' lang='lat' dir='ltr'>maturi</span> <span class='ocrx_word' id='word_1_270' title='bbox 1126 2095 1319 2138; x_wconf 84' lang='lat' dir='ltr'>egressus</span> <span class='ocrx_word' id='word_1_271' title='bbox 1364 2073 1609 2137; x_wconf 84' lang='lat' dir='ltr'>procuratur</span> <span class='ocrx_word' id='word_1_272' title='bbox 1653 2083 1773 2139; x_wconf 68' lang='lat' dir='ltr'>patulo</span> 
     </span>
     <span class='ocr_line' id='line_1_30' title="bbox 144 2149 1771 2209; baseline 0.002 -18"><span class='ocrx_word' id='word_1_273' title='bbox 144 2154 237 2192; x_wconf 88' lang='lat' dir='ltr'>ante</span> <span class='ocrx_word' id='word_1_274' title='bbox 271 2149 457 2194; x_wconf 89' lang='lat' dir='ltr'>naturale</span> <span class='ocrx_word' id='word_1_275' title='bbox 493 2155 633 2207; x_wconf 89' lang='lat' dir='ltr'>partus</span> <span class='ocrx_word' id='word_1_276' title='bbox 667 2157 841 2208; x_wconf 87' lang='lat' dir='ltr'>tempus.</span> <span class='ocrx_word' id='word_1_277' title='bbox 876 2152 1139 2208; x_wconf 84' lang='lat' dir='ltr'>Quapropter</span> <span class='ocrx_word' id='word_1_278' title='bbox 1162 2152 1204 2195; x_wconf 83' lang='lat' dir='ltr'>C.</span> <span class='ocrx_word' id='word_1_279' title='bbox 1224 2152 1262 2195; x_wconf 85' lang='lat' dir='ltr'>S.</span> <span class='ocrx_word' id='word_1_280' title='bbox 1287 2150 1423 2196; x_wconf 84' lang='lat' dir='ltr'>Ollicii</span> <span class='ocrx_word' id='word_1_281' title='bbox 1459 2155 1708 2209; x_wconf 81' lang='lat' dir='ltr'>interrogata</span> <span class='ocrx_word' id='word_1_282' title='bbox 1734 2153 1771 2195; x_wconf 72' lang='lat'>⁵:</span> 
     </span>
     <span class='ocr_line' id='line_1_31' title="bbox 148 2220 1772 2280; baseline 0.003 -18"><span class='ocrx_word' id='word_1_283' title='bbox 148 2236 169 2261; x_wconf 86' lang='lat'>«</span> <span class='ocrx_word' id='word_1_284' title='bbox 196 2220 230 2262; x_wconf 87' lang='grc'><strong>1.</strong></span> <span class='ocrx_word' id='word_1_285' title='bbox 264 2220 405 2264; x_wconf 90' lang='lat' dir='ltr'>Eritne</span> <span class='ocrx_word' id='word_1_286' title='bbox 440 2221 548 2264; x_wconf 89' lang='lat' dir='ltr'>licita</span> <span class='ocrx_word' id='word_1_287' title='bbox 585 2227 725 2277; x_wconf 86' lang='lat' dir='ltr'>partus</span> <span class='ocrx_word' id='word_1_288' title='bbox 758 2223 1022 2275; x_wconf 68' lang='lat' dir='ltr'>acceleratio,</span> <span class='ocrx_word' id='word_1_289' title='bbox 1046 2225 1207 2280; x_wconf 86' lang='lat' dir='ltr'>quoties</span> <span class='ocrx_word' id='word_1_290' title='bbox 1230 2236 1279 2266; x_wconf 86' lang='lat' dir='ltr'>ex</span> <span class='ocrx_word' id='word_1_291' title='bbox 1306 2223 1492 2266; x_wconf 89' lang='lat' dir='ltr'>mulieris</span> <span class='ocrx_word' id='word_1_292' title='bbox 1525 2223 1772 2267; x_wconf 88' lang='lat' dir='ltr'>arctitudine</span> 
     </span>
     <span class='ocr_line' id='line_1_32' title="bbox 145 2290 1773 2350; baseline 0.002 -17"><span class='ocrx_word' id='word_1_293' title='bbox 145 2290 409 2347; x_wconf 83' lang='lat' dir='ltr'>impossibilis</span> <span class='ocrx_word' id='word_1_294' title='bbox 442 2296 641 2335; x_wconf 76' lang='lat' dir='ltr'>evaderet</span> <span class='ocrx_word' id='word_1_295' title='bbox 673 2294 804 2337; x_wconf 76' lang='lat' dir='ltr'>foetus</span> <span class='ocrx_word' id='word_1_296' title='bbox 838 2296 1020 2350; x_wconf 83' lang='lat' dir='ltr'>egressio</span> <span class='ocrx_word' id='word_1_297' title='bbox 1044 2308 1117 2337; x_wconf 83' lang='lat' dir='ltr'>suo</span> <span class='ocrx_word' id='word_1_298' title='bbox 1141 2294 1316 2337; x_wconf 89' lang='lat' dir='ltr'>naturali</span> <span class='ocrx_word' id='word_1_299' title='bbox 1354 2295 1569 2350; x_wconf 67' lang='lat' dir='ltr'>tempore‘.&gt;</span> <span class='ocrx_word' id='word_1_300' title='bbox 1594 2320 1645 2324; x_wconf 90' lang='lat'>—</span> <span class='ocrx_word' id='word_1_301' title='bbox 1667 2294 1704 2337; x_wconf 71' lang='lat'>⁶2.</span> <span class='ocrx_word' id='word_1_302' title='bbox 1724 2294 1773 2337; x_wconf 90' lang='lat' dir='ltr'>Et</span> 
     </span>
     <span class='ocr_line' id='line_1_33' title="bbox 143 2361 1771 2422; baseline 0.002 -17"><span class='ocrx_word' id='word_1_303' title='bbox 143 2363 174 2405; x_wconf 91' lang='lat' dir='ltr'>si</span> <span class='ocrx_word' id='word_1_304' title='bbox 212 2361 396 2405; x_wconf 89' lang='lat' dir='ltr'>mulieris</span> <span class='ocrx_word' id='word_1_305' title='bbox 429 2364 635 2407; x_wconf 90' lang='lat' dir='ltr'>arctitudo</span> <span class='ocrx_word' id='word_1_306' title='bbox 669 2363 761 2408; x_wconf 90' lang='lat' dir='ltr'>talis</span> <span class='ocrx_word' id='word_1_307' title='bbox 794 2367 859 2419; x_wconf 83' lang='lat' dir='ltr'>sit,</span> <span class='ocrx_word' id='word_1_308' title='bbox 895 2370 935 2408; x_wconf 93' lang='lat' dir='ltr'>ut</span> <span class='ocrx_word' id='word_1_309' title='bbox 971 2378 1103 2422; x_wconf 87' lang='lat' dir='ltr'>neque</span> <span class='ocrx_word' id='word_1_310' title='bbox 1139 2369 1279 2420; x_wconf 88' lang='lat' dir='ltr'>partus</span> <span class='ocrx_word' id='word_1_311' title='bbox 1314 2369 1601 2421; x_wconf 84' lang='lat' dir='ltr'>praematurus</span> <span class='ocrx_word' id='word_1_312' title='bbox 1646 2368 1771 2421; x_wconf 90' lang='lat' dir='ltr'>possi-</span> 
     </span>
     <span class='ocr_line' id='line_1_34' title="bbox 147 2432 1770 2492; baseline 0.002 -16"><span class='ocrx_word' id='word_1_313' title='bbox 147 2432 237 2476; x_wconf 87' lang='lat' dir='ltr'>bilis</span> <span class='ocrx_word' id='word_1_314' title='bbox 269 2439 502 2488; x_wconf 87' lang='lat' dir='ltr'>censeatur,</span> <span class='ocrx_word' id='word_1_315' title='bbox 523 2433 716 2478; x_wconf 91' lang='lat' dir='ltr'>licebitne</span> <span class='ocrx_word' id='word_1_316' title='bbox 740 2434 929 2479; x_wconf 84' lang='lat' dir='ltr'>abortum</span> <span class='ocrx_word' id='word_1_317' title='bbox 958 2449 1201 2492; x_wconf 74' lang='lat' dir='ltr'>provocare,</span> <span class='ocrx_word' id='word_1_318' title='bbox 1220 2441 1289 2479; x_wconf 90' lang='lat' dir='ltr'>aut</span> <span class='ocrx_word' id='word_1_319' title='bbox 1312 2449 1547 2479; x_wconf 89' lang='lat' dir='ltr'>caesaream</span> <span class='ocrx_word' id='word_1_320' title='bbox 1572 2450 1645 2479; x_wconf 91' lang='lat' dir='ltr'>suo</span> <span class='ocrx_word' id='word_1_321' title='bbox 1670 2442 1770 2479; x_wconf 87' lang='lat' dir='ltr'>teni·</span> 
     </span>
     <span class='ocr_line' id='line_1_35' title="bbox 145 2506 1773 2564; baseline 0.002 -19"><span class='ocrx_word' id='word_1_322' title='bbox 145 2508 243 2559; x_wconf 62' lang='lat' dir='ltr'>p‘ore</span> <span class='ocrx_word' id='word_1_323' title='bbox 277 2506 477 2560; x_wconf 89' lang='lat' dir='ltr'>perticere</span> <span class='ocrx_word' id='word_1_324' title='bbox 510 2507 825 2561; x_wconf 68' lang='lat' dir='ltr'>operationem?</span> <span class='ocrx_word' id='word_1_325' title='bbox 850 2532 901 2537; x_wconf 92' lang='lat'><strong>—</strong></span> <span class='ocrx_word' id='word_1_326' title='bbox 929 2506 973 2550; x_wconf 87' lang='lat' dir='ltr'>R.</span> <span class='ocrx_word' id='word_1_327' title='bbox 1003 2506 1064 2549; x_wconf 88' lang='lat' dir='ltr'>Ad</span> <span class='ocrx_word' id='word_1_328' title='bbox 1094 2507 1129 2551; x_wconf 87' lang='lat' dir='ltr'>l.</span> <span class='ocrx_word' id='word_1_329' title='bbox 1156 2506 1300 2550; x_wconf 90' lang='lat' dir='ltr'>Partus</span> <span class='ocrx_word' id='word_1_330' title='bbox 1332 2507 1675 2550; x_wconf 89' lang='lat' dir='ltr'>accelerationem</span> <span class='ocrx_word' id='word_1_331' title='bbox 1702 2521 1773 2564; x_wconf 92' lang='lat' dir='ltr'>per</span> 
     </span>
     <span class='ocr_line' id='line_1_36' title="bbox 144 2574 1772 2634; baseline 0.002 -17"><span class='ocrx_word' id='word_1_332' title='bbox 144 2588 187 2617; x_wconf 89' lang='lat' dir='ltr'>se</span> <span class='ocrx_word' id='word_1_333' title='bbox 220 2574 402 2618; x_wconf 88' lang='lat' dir='ltr'>illicitam</span> <span class='ocrx_word' id='word_1_334' title='bbox 439 2590 516 2619; x_wconf 89' lang='lat' dir='ltr'>non</span> <span class='ocrx_word' id='word_1_335' title='bbox 551 2590 654 2631; x_wconf 81' lang='lat' dir='ltr'>esse,</span> <span class='ocrx_word' id='word_1_336' title='bbox 688 2577 915 2621; x_wconf 90' lang='lat' dir='ltr'>dummodo</span> <span class='ocrx_word' id='word_1_337' title='bbox 960 2578 1199 2634; x_wconf 82' lang='lat' dir='ltr'>perficiatur</span> <span class='ocrx_word' id='word_1_338' title='bbox 1242 2580 1357 2621; x_wconf 89' lang='lat' dir='ltr'>iustis</span> <span class='ocrx_word' id='word_1_339' title='bbox 1396 2578 1447 2621; x_wconf 90' lang='lat' dir='ltr'>de</span> <span class='ocrx_word' id='word_1_340' title='bbox 1486 2580 1622 2622; x_wconf 88' lang='lat' dir='ltr'>causis</span> <span class='ocrx_word' id='word_1_341' title='bbox 1654 2583 1692 2621; x_wconf 90' lang='lat' dir='ltr'>et</span> <span class='ocrx_word' id='word_1_342' title='bbox 1725 2591 1772 2621; x_wconf 89' lang='lat' dir='ltr'>co</span> 
     </span>
     <span class='ocr_line' id='line_1_37' title="bbox 146 2647 1773 2706; baseline 0.002 -18"><span class='ocrx_word' id='word_1_343' title='bbox 146 2650 329 2702; x_wconf 90' lang='lat' dir='ltr'>tempore</span> <span class='ocrx_word' id='word_1_344' title='bbox 362 2659 409 2690; x_wconf 90' lang='lat' dir='ltr'>ac</span> <span class='ocrx_word' id='word_1_345' title='bbox 444 2647 588 2701; x_wconf 75' lang='lat' dir='ltr'>modis,</span> <span class='ocrx_word' id='word_1_346' title='bbox 624 2647 774 2705; x_wconf 88' lang='lat' dir='ltr'>quibus</span> <span class='ocrx_word' id='word_1_347' title='bbox 816 2661 864 2691; x_wconf 84' lang='lat' dir='ltr'>ex</span> <span class='ocrx_word' id='word_1_348' title='bbox 911 2649 1132 2691; x_wconf 89' lang='lat' dir='ltr'>ordinariis</span> <span class='ocrx_word' id='word_1_349' title='bbox 1178 2648 1514 2706; x_wconf 82' lang='lat' dir='ltr'>contingentibus</span> <span class='ocrx_word' id='word_1_350' title='bbox 1562 2651 1703 2692; x_wconf 89' lang='lat' dir='ltr'>matris</span> <span class='ocrx_word' id='word_1_351' title='bbox 1735 2653 1773 2691; x_wconf 93' lang='lat' dir='ltr'>et</span> 
     </span>
     <span class='ocr_line' id='line_1_38' title="bbox 146 2718 1772 2776; baseline 0.001 -17"><span class='ocrx_word' id='word_1_352' title='bbox 146 2718 277 2760; x_wconf 76' lang='lat' dir='ltr'>foetus</span> <span class='ocrx_word' id='word_1_353' title='bbox 312 2719 420 2761; x_wconf 82' lang='lat' dir='ltr'>vitae</span> <span class='ocrx_word' id='word_1_354' title='bbox 452 2718 723 2763; x_wconf 90' lang='lat' dir='ltr'>consultatur.</span> <span class='ocrx_word' id='word_1_355' title='bbox 759 2744 812 2749; x_wconf 91' lang='lat'><strong>—</strong></span> <span class='ocrx_word' id='word_1_356' title='bbox 846 2719 908 2763; x_wconf 87' lang='lat' dir='ltr'>Ad</span> <span class='ocrx_word' id='word_1_357' title='bbox 946 2720 982 2762; x_wconf 74' lang='lat'>⁶2.</span> <span class='ocrx_word' id='word_1_358' title='bbox 1012 2719 1130 2774; x_wconf 83' lang='lat' dir='ltr'>Quod</span> <span class='ocrx_word' id='word_1_359' title='bbox 1166 2722 1339 2776; x_wconf 89' lang='lat' dir='ltr'>primam</span> <span class='ocrx_word' id='word_1_360' title='bbox 1377 2725 1533 2776; x_wconf 91' lang='lat' dir='ltr'>partem</span> <span class='ocrx_word' id='word_1_361' title='bbox 1568 2719 1772 2776; x_wconf 70' lang='lat' dir='ltr'>neyative,</span> 
     </span>
    </p>
   </div>
   <div class='ocr_carea' id='block_1_4' title="bbox 148 2823 1769 2907">
    <p class='ocr_par' dir='ltr' id='par_1_6' title="bbox 148 2823 1769 2907">
     <span class='ocr_line' id='line_1_39' title="bbox 256 2823 1769 2864; baseline 0.001 -8"><span class='ocrx_word' id='word_1_362' title='bbox 256 2824 271 2846; x_wconf 56' lang='grc' dir='ltr'><strong><em>Α</em></strong></span> <span class='ocrx_word' id='word_1_363' title='bbox 300 2823 418 2857; x_wconf 88' lang='lat' dir='ltr'>Eccli.</span> <span class='ocrx_word' id='word_1_364' title='bbox 446 2823 592 2864; x_wconf 88' lang='lat' dir='ltr'>XXVI,</span> <span class='ocrx_word' id='word_1_365' title='bbox 614 2826 658 2857; x_wconf 84' lang='lat'>20</span> <span class='ocrx_word' id='word_1_366' title='bbox 686 2844 728 2848; x_wconf 85' lang='lat'><em>—</em></span> <span class='ocrx_word' id='word_1_367' title='bbox 754 2824 768 2846; x_wconf 79' lang='lat'><strong>²</strong></span> <span class='ocrx_word' id='word_1_368' title='bbox 793 2824 839 2858; x_wconf 81' lang='lat'>29</span> <span class='ocrx_word' id='word_1_369' title='bbox 859 2823 945 2858; x_wconf 77' lang='lat' dir='ltr'>Oct.</span> <span class='ocrx_word' id='word_1_370' title='bbox 970 2825 1070 2858; x_wconf 79' lang='lat'>1588.</span> <span class='ocrx_word' id='word_1_371' title='bbox 1101 2845 1139 2850; x_wconf 87' lang='lat'><em>—</em></span> <span class='ocrx_word' id='word_1_372' title='bbox 1168 2825 1182 2847; x_wconf 82' lang='grc'>3</span> <span class='ocrx_word' id='word_1_373' title='bbox 1207 2825 1249 2859; x_wconf 83' lang='lat'>31</span> <span class='ocrx_word' id='word_1_374' title='bbox 1272 2825 1366 2859; x_wconf 74' lang='lat' dir='ltr'>Maii</span> <span class='ocrx_word' id='word_1_375' title='bbox 1387 2826 1489 2859; x_wconf 71' lang='lat'>1591.</span> <span class='ocrx_word' id='word_1_376' title='bbox 1520 2846 1560 2849; x_wconf 97' lang='lat'><strong>—</strong></span> <span class='ocrx_word' id='word_1_377' title='bbox 1589 2825 1602 2846; x_wconf 77' lang='lat'>4</span> <span class='ocrx_word' id='word_1_378' title='bbox 1620 2825 1663 2858; x_wconf 83' lang='lat'>12</span> <span class='ocrx_word' id='word_1_379' title='bbox 1683 2823 1769 2857; x_wconf 79' lang='lat' dir='ltr'>Oet.</span> 
     </span>
     <span class='ocr_line' id='line_1_40' title="bbox 148 2869 1397 2907; baseline 0.002 -4"><span class='ocrx_word' id='word_1_380' title='bbox 148 2869 247 2903; x_wconf 65' lang='lat'>1869.</span> <span class='ocrx_word' id='word_1_381' title='bbox 279 2891 321 2895; x_wconf 85' lang='lat'><strong>—</strong></span> <span class='ocrx_word' id='word_1_382' title='bbox 348 2872 399 2903; x_wconf 73' lang='lat'>⁵4</span> <span class='ocrx_word' id='word_1_383' title='bbox 427 2871 521 2904; x_wconf 61' lang='lat' dir='ltr'>Maii</span> <span class='ocrx_word' id='word_1_384' title='bbox 551 2872 652 2905; x_wconf 81' lang='lat'>1898.</span> <span class='ocrx_word' id='word_1_385' title='bbox 680 2871 843 2905; x_wconf 82' lang='lat' dir='ltr'>Collect.</span> <span class='ocrx_word' id='word_1_386' title='bbox 874 2871 910 2904; x_wconf 85' lang='lat' dir='ltr'>S.</span> <span class='ocrx_word' id='word_1_387' title='bbox 942 2872 982 2905; x_wconf 85' lang='lat' dir='ltr'>C.</span> <span class='ocrx_word' id='word_1_388' title='bbox 1013 2871 1058 2905; x_wconf 87' lang='lat' dir='ltr'>de</span> <span class='ocrx_word' id='word_1_389' title='bbox 1085 2872 1127 2905; x_wconf 91' lang='lat' dir='ltr'>P.</span> <span class='ocrx_word' id='word_1_390' title='bbox 1158 2872 1200 2906; x_wconf 81' lang='lat' dir='ltr'>F.</span> <span class='ocrx_word' id='word_1_391' title='bbox 1229 2884 1265 2906; x_wconf 89' lang='lat' dir='ltr'>n.</span> <span class='ocrx_word' id='word_1_392' title='bbox 1296 2873 1397 2907; x_wconf 71' lang='lat'>1997.</span> 
     </span>
    </p>
   </div>
  </div>
 </body>
</html>
