1981 3182
656 466 848 515 PARS
888 466 1249 515 SECUNDA.

763 587 864 647 De
909 587 1147 647 Poenis·

828 887 1013 934 SECTlO
1050 889 1075 931 l.

603 987 684 1036 De
725 986 924 1050 poeuis
966 986 1021 1037 in
1066 1002 1296 1051 genere.

187 1154 270 1189 (Lm.
302 1152 403 1188 2214.
441 1175 457 1179 -
486 1158 505 1196 ξ
530 1154 556 1188 l.
597 1153 755 1189 Nativum
784 1159 815 1188 et
846 1166 916 1199 pro-

143 1202 253 1247 prium
291 1201 460 1237 Ecclesiae
499 1202 552 1236 ius
587 1207 648 1241 est,
677 1201 916 1246 independens

139 1262 158 1283 a
185 1248 336 1294 qualibet
377 1249 532 1283 humana
565 1248 783 1289 auctoritate,
824 1259 915 1283 coer—

139 1296 237 1331 cendi
266 1296 484 1341 deliquentes
518 1296 582 1330 sibi
611 1295 768 1331 subditos
798 1295 916 1341 poenis

141 1348 212 1377 tum
240 1343 481 1388 spiritualibus
507 1348 579 1377 tuin
608 1343 711 1377 etiam
744 1348 915 1388 tempora-

140 1390 244 1424 tibus.

187 1441 206 1479 ξ
233 1439 265 1470 ·.’.
297 1436 379 1471 Prae
397 1437 506 1471 oculis
523 1442 638 1471 autem
657 1437 826 1471 habeatur
846 1447 915 1470 mo—

142 1484 254 1518 nitum
283 1484 388 1519 Conc.
417 1483 527 1524 Trtd„
554 1496 637 1520 sess.
665 1483 751 1523 xm,
773 1483 810 1515 (ll'
837 1484 916 1530 ref„

140 1542 215 1576 cap.
247 1531 278 1565 l:
311 1545 325 1563 «
348 1530 569 1565 Meminerint
604 1530 758 1576 Episcopi
787 1532 916 1576 aliique

140 1577 317 1613 Ordinarii
346 1589 381 1613 se
410 1583 563 1623 pastores
600 1590 667 1613 non
697 1589 916 1624 percussores

139 1636 224 1665 esse,
252 1630 356 1671 atque
395 1626 441 1659 ita
481 1636 636 1670 praeesse
674 1626 738 1659 sibi
767 1626 916 1659 subditis

139 1677 305 1717 oportere.
349 1677 383 1706 ut
425 1684 492 1707 non
530 1672 563 1706 in
603 1672 652 1707 eis
678 1673 915 1713 dominentur,

139 1719 195 1753 sed
225 1719 302 1754 illos
339 1724 507 1765 tanquam
543 1720 630 1753 tilios
655 1724 687 1754 et
717 1720 838 1754 fratres
865 1720 914 1754 di-

139 1766 249 1810 ligant
273 1766 521 1812 elaborentque
548 1772 583 1800 ut
604 1767 772 1802 hortando
791 1773 823 1802 et
845 1778 914 1801 ino-

138 1813 253 1848 nendo
277 1813 322 1848 ab
349 1814 478 1848 illicitis
516 1814 725 1853 deterreant,
766 1825 820 1854 ne,
857 1814 912 1848 nbi

139 1861 362 1906 deliquerint,
403 1861 529 1895 debitis
563 1874 619 1895 eos
663 1861 783 1905 poenis
825 1873 912 1895 coer-

138 1919 213 1944 cere
239 1913 426 1952 cogantur;
453 1920 538 1954 quos
567 1913 681 1943 tamen
703 1909 728 1942 si
751 1910 832 1954 qnid
856 1920 914 1954 per

992 1154 1182 1188 humanam
1226 1154 1445 1198 fragilitatem
1489 1167 1627 1200 peccare
1665 1157 1770 1191 contiv

990 1203 1090 1246 gerit.
1122 1201 1179 1235 illa
1207 1202 1357 1246 Apostoli
1386 1207 1435 1236 est
1461 1203 1506 1237 ab
1532 1206 1581 1237 eis
1600 1204 1770 1238 servanda

994 1249 1187 1293 praeceptio
1216 1254 1249 1282 nt
1280 1249 1354 1283 illos
1380 1255 1542 1293 arguant,
1573 1251 1767 1291 obsecrent,

991 1296 1171 1340 increpent
1193 1295 1224 1328 in
1246 1296 1340 1329 omni
1360 1296 1512 1331 bonitate
1530 1302 1561 1331 et
1591 1298 1770 1343 patientia,

990 1354 1067 1377 cum
1098 1354 1199 1388 saepe
1229 1343 1303 1388 plus
1330 1355 1411 1385 erga
1438 1345 1660 1387 corrigendos
1691 1355 1769 1389 agat

992 1390 1233 1424 benevolentia
1259 1401 1363 1434 quam
1392 1392 1586 1426 austeritas
1621 1392 1695 1436 plus
1714 1404 1770 1426 ex-

991 1437 1138 1471 hortatio
1156 1448 1261 1482 quam
1281 1438 1519 1477 contininatio.
1541 1439 1616 1484 plus
1642 1438 1770 1474 caritas

990 1496 1093 1529 quani
1137 1489 1306 1529 potestas:
1348 1485 1401 1518 sin
1442 1491 1556 1520 autem
1585 1485 1627 1519 ob
1654 1486 1768 1521 delicti

989 1532 1193 1575 gra-»itatem
1225 1532 1319 1575 virga
1358 1543 1443 1577 opus
1473 1533 1550 1575 erit,
1581 1538 1663 1567 tunc
1690 1545 1768 1567 cum

992 1579 1262 1613 mansuetudine
1290 1579 1392 1621 rigor.
1424 1591 1501 1613 cum
1533 1580 1768 1615 misericordia

991 1626 1171 1661 iudicium.
1197 1638 1275 1660 cuin
1306 1627 1447 1661 lenitate
1482 1632 1646 1661 severitas
1672 1628 1770 1662 adhi-

991 1673 1100 1707 benda
1130 1678 1188 1711 est,
1211 1678 1245 1707 ut
1266 1674 1341 1707 sine
1360 1674 1546 1719 asperitate
1571 1674 1771 1720 disciplina,

991 1721 1126 1765 populis
1150 1721 1313 1755 salutaris
1338 1732 1377 1755 ae
1401 1722 1605 1756 necessaria.
1636 1733 1771 1757 conser-

991 1773 1136 1801 xeturet
1155 1769 1212 1812 qui
1242 1769 1382 1802 correcti
1414 1769 1555 1809 fuerint,
1585 1770 1768 1803 emenden-

989 1820 1043 1848 tur
1069 1820 1138 1855 aut,
1167 1816 1193 1848 si
1215 1816 1415 1860 resipiscere
1437 1815 1624 1857 noluerint,
1653 1816 1769 1855 ceteri,

987 1862 1118 1896 salubri
1150 1863 1183 1896 in
1211 1874 1268 1897 eos
1303 1863 1620 1897 animadversionis
1655 1874 1771 1898 exem-

990 1909 1057 1954 plo⁷
1086 1922 1103 1943 a
1133 1910 1224 1943 vitiis
1251 1910 1545 1944 deterreantur».

257 2021 322 2064 28.
360 2023 524 2067 Partis
546 2036 606 2067 ac
629 2023 872 2068 Sectionis
896 2024 1259 2079 inscriptiones.
1279 2047 1335 2051 ——
1358 2022 1579 2078 l'ropositis
1599 2022 1768 2078 regulis,

136 2097 180 2135 ut
211 2092 361 2135 delicta
395 2094 434 2134 in
470 2095 557 2135 iure
589 2096 789 2135 eanonieo
824 2095 1013 2149 apprime
1058 2098 1377 2148 cognoscantur,
1418 2093 1467 2136 ad
1507 2106 1658 2149 poenas
1693 2093 1766 2136 Ee-

137 2162 286 2206 clesiae
321 2165 508 2219 proprias
533 2162 650 2219 plene
684 2163 974 2206 dilucidandas
1007 2163 1183 2215 accedit,
1217 2164 1446 2206 seeundum
1479 2164 1586 2219 quod
1622 2177 1772 2219 scopus

138 2232 245 2277 Libri
285 2231 312 2274 V
347 2232 553 2290 exigebat.
588 2233 705 2286 Quae
744 2232 848 2276 Pars
882 2233 1064 2276 secunda
1101 2236 1295 2288 inscripta
1335 2232 1392 2276 De
1422 2234 1570 2291 poenis
1609 2240 1667 2277 est
1714 2248 1771 2277 re-

136 2303 374 2360 stringenda
408 2304 457 2347 ad
495 2317 647 2360 poenas
680 2304 997 2352 ecclesiasticas,
1034 2307 1088 2346 uti
1127 2304 1280 2360 patebit
1315 2318 1365 2347 ex
1400 2318 1489 2348 ean.
1526 2305 1651 2359 2215,
1677 2318 1770 2348 nani

140 2388 268 2430 poena
305 2377 343 2417 in
376 2388 418 2417 se
442 2381 499 2417 est
540 2377 758 2430 «privatio
793 2375 1012 2418 cuiuslibet
1040 2374 1132 2417 boni
1158 2375 1207 2417 ad
1235 2374 1442 2417 bominem
1471 2378 1769 2431 pertinentis»,

132 2444 429 2502 ‘undecumque
464 2447 679 2501 proveniat
715 2450 751 2488 et
785 2459 937 2501 eorpus
973 2445 1034 2488 vel
1071 2448 1268 2499 animani,
1303 2444 1468 2503 aliaque
1498 2445 1653 2488 homini
1679 2459 1771 2489 eon-

139 2518 343 2558 venientia
378 2516 542 2558 alliciat.
579 2541 630 2546 —
667 2515 842 2572 Logieus
876 2516 976 2558 ordo
1011 2516 1317 2571 expostulatae
1343 2516 1593 2572 expeditiori
1620 2521 1769 2559 tracta-

138 2588 259 2629 tionis
294 2588 385 2629 viae
418 2588 624 2641 congruit,
660 2589 837 2642 primuni
874 2586 1040 2629 tradere
1075 2599 1254 2640 normas,
1288 2599 1394 2643 quae
1427 2586 1477 2629 ad
1514 2600 1666 2642 poenas
1687 2588 1766 2629 sin-

137 2656 255 2712 gulas
288 2661 481 2712 aptantur
505 2661 542 2699 et
562 2656 657 2700 hinc
682 2656 939 2699 descendere
963 2657 1012 2699 ad
1040 2657 1356 2712 perpendendas
1379 2656 1576 2713 singulas
1601 2655 1769 2712 Optime

139 2740 238 2783 ergo
258 2740 351 2782 pars
375 2729 412 2768 in
437 2726 540 2769 duas
563 2727 813 2783 dispescitur
836 2727 1060 2769 Sectiones.
1088 2726 1223 2769 Seelio
1249 2725 1277 2769 I.
1309 2726 1365 2769 De
1383 2727 1531 2784 poenis
1552 2727 1591 2768 in
1614 2740 1767 2783 yenere

137 2803 174 2840 et
210 2798 345 2840 Seelio
384 2796 434 2840 ΙΙ.
475 2796 531 2840 De
560 2797 707 2854 poenis
738 2796 778 2839 in
805 2797 954 2854 speeie,
989 2809 1165 2854 quarum
1202 2799 1516 2854 inscriptionum
1541 2810 1686 2840 sensus
1709 2810 1772 2840 ao-

141 2870 334 2924 cipiatur,
367 2870 473 2911 sieut
506 2873 567 2910 est
599 2867 871 2911 declaratum.
