1981 3182
224 147 285 179 122
682 145 766 179 Lm.
792 145 838 178 V.
869 165 881 170 -
909 144 1019 179 PARS
1045 144 1094 178 II.
1122 165 1134 170 -
1160 145 1218 180 De
1241 148 1375 190 poenis
1630 145 1724 181 Can.
1749 145 1844 181 2255

216 264 324 322 quod
362 278 433 320 per
466 277 556 307 eam
591 277 669 307 non
703 263 837 307 solum
873 265 1095 319 interdicti,
1129 264 1199 307 sed
1233 266 1516 320 suspensionis
1539 269 1577 307 et
1601 278 1843 308 exeommu-

219 338 433 378 nicationis
466 337 667 378 sententia
704 334 812 377 *salet
848 334 1020 391 intelligi
1047 351 1084 377 )).
1130 334 1372 389 Quaesitum
1416 337 1608 392 supponit
1631 349 1759 392 usque
1793 335 1843 379 ad

219 406 316 448 illud
353 411 515 462 teinpus
538 418 809 449 censurarum
845 419 992 448 nomen
1026 419 1105 448 non
1131 406 1254 448 fuisse
1280 410 1520 462 usurpatum
1546 411 1657 449 certa
1680 420 1846 463 semper

217 477 504 532 amplitudine.
540 477 623 519 lino
665 477 787 519 refert
832 476 982 521 Bened.
1026 475 1114 519 ΧΙΥ
1151 477 1163 498 ¹
1198 477 1306 533 quod
1353 481 1465 519 textu
1506 492 1526 517 ((
1550 477 1626 520 lioc
1665 491 1744 520 non
1779 477 1847 521 ob-

216 552 361 598 stante,
395 546 594 591 Gonzalez
633 549 670 589 in
721 546 1001 591 Commentar.
1037 547 1085 590 a'd
1136 547 1233 590 dict.
1270 552 1427 590 textum
1477 548 1700 603 contendit,
1737 549 1845 605 quod

217 617 292 662 sub
327 620 491 661 nomine
524 631 725 661 censurae
748 620 871 661 etiam
898 617 1183 674 irregularitas
1207 631 1255 660 ex
1281 617 1431 660 delicto
1455 618 1846 674 comprehendatur.

216 688 473 733 Contrariam
512 694 647 732 tamen
682 691 927 732 sententiam
964 694 1130 732 tuentur
1172 690 1336 743 Suarez,
1381 689 1545 742 Molina,
1586 689 1846 747 Trullengus,

218 759 442 815 Fiiliueius,
477 760 732 817 Reginaldus
776 760 930 816 aliique
979 760 1279 815 complures».
1320 759 1431 803 Haec
1465 765 1601 803 autem
1646 763 1849 805 sententia

217 830 320 874 adeo
356 830 600 887 praevaluit,
637 836 677 873 ut
713 833 750 873 in
786 836 914 873 const.
955 846 973 871 «
1000 830 1261 886 Apostolicae
1294 830 1453 874 Sedis»
1494 831 1549 874 Pii
1572 831 1641 873 PP.
1666 830 1716 873 tx
1743 833 1849 874 inter

217 914 414 945 censuras
449 915 525 944 non
561 906 861 944 enumerentur
895 901 999 944 aliae
1035 914 1207 957 poenae,
1241 914 1363 958 quam
1400 914 1621 958 expressae
1654 902 1705 945 ab
1731 902 1847 945 lnno-

217 975 351 1015 centio
384 972 448 1014 Ill.
486 972 666 1028 idipsum
701 974 886 1016 sancitur
918 970 1083 1025 Codice,
1108 972 1273 1029 quando
1302 972 1400 1015 Can.
1420 974 1547 1016 2255
1570 975 1628 1016 sic
1648 973 1846 1018 decernit.

220 1069 272 1073 ——
306 1045 330 1096 ἓ
363 1045 396 1086 1.
436 1041 661 1095 Censurae,
710 1045 765 1085 uti
815 1058 836 1083 <‹
863 1056 1018 1098 poenae
1068 1043 1380 1086 medicinales»
1435 1043 1543 1100 (can.
1580 1043 1709 1099 2:216)
1751 1050 1849 1087 sunt

218 1114 504 1156 tantummodo
538 1118 759 1170 sequentes
787 1113 1066 1169 appellatione
1099 1116 1296 1157 canonica
1323 1116 1381 1157 sic
1405 1114 1667 1171 designatae:
1703 1116 1743 1158 1⁰
1767 1114 1851 1159 Em-

218 1184 552 1237 eonmmnicatio,
591 1184 694 1227 ultra
720 1197 859 1241 quam,
880 1197 985 1240 quae
1010 1200 1029 1224 «
1052 1184 1279 1240 spiritualis
1298 1184 1462 1241 gladIus
1484 1203 1498 1222 »
1529 1191 1587 1228 est
1612 1184 1640 1239 ²,
1666 1185 1849 1230 Ecclesia

220 1255 316 1297 nihil
353 1255 461 1298 aliud
499 1255 648 1307 habet;
681 1255 730 1298 2Ο
767 1254 1039 1297 Interdictum
1090 1268 1168 1311 qua
1211 1256 1431 1298 inridicnm
1477 1269 1650 1302 nomen:
1689 1256 1738 1299 3Ο
1774 1257 1847 1299 Sn-

217 1326 383 1383 §pensio
417 1325 662 1381 simplicitet
701 1326 823 1370 dicta.

343 1396 614 1440 Characteies
647 1397 909 1439 dixer-sirum
937 1399 1125 1453 pr·opiios
1146 1399 1178 1439 si
1184 1411 1204 1439 c
1230 1402 1413 1440 recenset
1445 1397 1474 1455 ἓ
1495 1399 1537 1444 2,
1563 1402 1604 1440 ut
1630 1397 1722 1441 illae
1745 1411 1853 1441 com-

220 1469 398 1510 muniter
416 1467 706 1510 dieternantur
729 1467 811 1510 ab
804 1470 998 1510 inlicem.
1019 1466 1411 1511 Effeommuni'catto
1438 1468 1479 1510 1Ο
1499 1471 1657 1511 ratione
1675 1468 1849 1512 subiecti

220 1551 375 1594 poenae
408 1538 570 1595 afficere
601 1543 737 1595 potest
773 1543 949 1591 lantum,
986 1542 1037 1581 ita
1075 1543 1115 1581 ut
1151 1538 1333 1581 invalide
1377 1543 1628 1582 statueretur
1662 1542 1699 1581 in
1735 1539 1848 1594 alias,

217 1622 339 1666 quam
377 1611 414 1651 in
447 1622 651 1666 personas
692 1607 905 1667 pinastro&
949 1622 1041 1652 nam
1083 1611 1187 1652 sicut
1232 1612 1285 1652 ait
1333 1609 1468 1653 lnnoc.
1507 1608 1571 1663 iv,
1607 1613 1643 1652 in
1684 1624 1773 1666 cap.
1810 1611 1849 1666 ὃ,

223 1679 313 1722 «de
336 1682 536 1722 sententia
563 1682 1020 1730 excommunicationis,
1041 1682 1324 1736 suspensionis
1347 1685 1384 1723 et
1412 1681 1618 1724 interdicti
1641 1696 1661 1722 »
1693 1680 1758 1738 (V,
1779 1680 1850 1734 11)

220 1749 253 1792 Χ
289 1752 325 1792 in
362 1750 419 1793 60:
458 1766 480 1791 ((
504 1750 544 1793 ln
581 1753 894 1793 universitatem
934 1751 998 1793 vet
1035 1751 1257 1807 collegium
1297 1751 1470 1805 proferri
1511 1754 1848 1795 excommunica-

219 1823 340 1863 tionis
371 1823 616 1864 sententiani
654 1824 815 1876 penitus
841 1821 1341 1876 prohibemus:*volentes
1359 1824 1590 1865 animarum
1619 1822 1848 1878 periculum

222 1894 366 1944 vitare,
414 1892 522 1949 quod
573 1892 723 1934 exinde
762 1894 878 1947 sequi
931 1897 1079 1948 posset.
1130 1906 1222 1935 cum
1275 1905 1540 1949 nonunquam
1592 1896 1852 1950 contingeret

219 1965 408 2005 innoxios
444 1963 678 2006 huiusmodi
713 1966 916 2006 sententia
954 1965 1170 2018 irretiri»,
1206 1964 1314 2021 quod
1351 1969 1456 2006 esset
1481 1963 1683 2008 absdubio
1707 1970 1849 2008 contra

220 2033 453 2076 huiusmodi
488 2036 762 2090 gravissimae
798 2047 953 2089 poenae
988 2034 1246 2077 medicinalis
1282 2039 1487 2083 naturam,
1525 2051 1546 2075 «
1569 2035 1639 2078 sed
1681 2038 1719 2078 in
1760 2035 1851 2079 illos

217 2105 432 2147 dumtaxat
467 2105 516 2147 de
550 2104 725 2161 collegio
764 2106 826 2147 vet
864 2107 1150 2158 universitate,
1183 2119 1286 2162 quos
1320 2105 1550 2161 culpabiles
1583 2120 1675 2150 esse
1701 2109 1851 2149 consti-

219 2178 325 2227 terit,
361 2175 708 2231 promulgetur».
744 2175 860 2219 Hanc
893 2176 1206 2232 dispositionem
1250 2177 1428 2219 admittit
1463 2190 1592 2219 canon
1627 2179 1685 2220 sic
1712 2191 1849 2233 prose-

219 2260 370 2303 quens:
405 2252 442 2288 el
479 2245 582 2289 ideo.
618 2252 922 2304 consequenter
955 2246 1003 2289 ad
1041 2248 1156 2303 prius
1191 2247 1386 2301 edictum,
1421 2247 1459 2289 si
1492 2247 1658 2304 qnando
1683 2247 1852 2302 seratur
1888 2269 1891 2271 ·

220 2320 306 2359 iure
345 2317 405 2359 vel
441 2317 492 2360 al)
528 2317 706 2370 homine,
740 2318 886 2360 saltem
920 2317 971 2361 al)
1005 2317 1240 2373 Apostolica
1275 2318 1393 2364 Sede,
1422 2331 1513 2361 nam
1545 2323 1723 2375 «potest
1753 2320 1849 2362 ferri

218 2400 392 2430 censura
427 2390 548 2430 etiam
586 2391 623 2430 in
659 2388 949 2445 delinquentes
984 2390 1188 2444 ignotos»
1228 2388 1337 2445 (can.
1365 2388 1850 2448 2242.§1)‚incorpns

221 2458 390 2503 morale.
429 2458 553 2501 idest:
592 2461 628 2500 in
666 2471 882 2514 personam
919 2459 1194 2515 collegialem,
1228 2472 1335 2516 quae
1360 2465 1517 2502 tantuin
1543 2465 1603 2503 est
1627 2462 1848 2503 constituta

218 2528 266 2571 ad
305 2529 470 2571 niodum
506 2532 690 2585 organici
716 2532 916 2585 eorporis,
942 2529 1201 2585 2'11lell1'91'tm‘
1223 2543 1271 2573 ex
1301 2533 1400 2573 iuris
1425 2533 1679 2588 praescripto
1703 2533 1744 2586 a)
1767 2530 1851 2572 sin-

216 2598 338 2655 yolo-§²
372 2599 505 2642 eidem
543 2600 787 2656 adscriptos,
823 2606 863 2643 ut
901 2600 1101 2653 membra,
1135 2600 1298 2658 afficere.
1333 2600 1374 2657 b)
1400 2601 1471 2658 qni
1494 2601 1535 2643 in
1560 2601 1759 2644 delictum
1782 2614 1849 2643 ex-

219 2672 593 2712 communicatione
630 2670 872 2713 mulctatum
909 2672 1197 2713 ronem‘rerint
1233 2675 1343 2714 iuxta
1378 2674 1605 2715 sententiae
1638 2677 1706 2715 aut
1748 2674 1850 2728 legis

221 2745 425 2784 tenorem:
461 2754 482 2782 e
516 2745 657 2782 contra
693 2741 962 2783 inter-dietam
997 2747 1035 2783 el
1068 2742 1298 2799 suspensio,
1335 2743 1458 2784 eliam
1495 2742 1847 2792 eommmeitalem,

338 2847 348 2866 ¹
376 2845 447 2889 Ep.
477 2846 626 2890 encycl.
660 2862 672 2874 «
693 2847 804 2879 Inter
829 2847 1062 2890 praeteritos
1085 2863 1115 2881 ».
1142 2849 1163 2880 ὃ
1189 2847 1281 2881 Dec.
1313 2848 1416 2889 1749,
1446 2850 1465 2889 ἕ
1492 2848 1549 2881 48.

338 2892 351 2913 2
378 2892 494 2926 Cone.
526 2892 632 2926 Trid.
662 2904 753 2927 sess.
782 2893 906 2934 XXV,
934 2905 1012 2938 cap.
1043 2896 1059 2927 1
1088 2894 1133 2927 de
1161 2894 1246 2928 Res.

1962 2657 1966 2681 l

1961 2692 1964 2737 l

1960 2771 1962 2802 Ι

1960 2807 1962 2828 t
