1981 3182
181 158 273 193 Cain.
300 157 394 192 2330
507 157 591 190 TiT.
610 157 644 190 X
655 158 660 189 l
671 158 719 190 lt
739 178 750 182 -
765 158 821 192 De
835 159 985 192 delictis
999 161 1134 192 contra
1148 158 1411 192 auctoritates,
1433 160 1498 191 etc.
1738 163 1805 195 ‘221

184 280 382 328 mentum,
419 276 480 319 vel
519 278 703 332 praecise
752 276 885 333 quoad
936 288 1077 318 earum
1124 279 1390 319 coercitivam
1429 284 1686 333 potestatem,
1718 293 1812 336 per-

181 360 319 394 sonas,
353 349 441 390 sive
476 349 513 389 in
553 360 646 390 vera
682 347 882 401 dignitate
915 349 1161 390 constitutae
1195 349 1289 400 sint,
1324 352 1363 390 et
1395 348 1545 404 quibus
1580 348 1655 393 boe
1689 353 1810 393 etiam

181 416 258 460 sub
293 422 480 473 respectu
531 424 824 460 nocumentum
876 418 1060 468 insertur,
1094 419 1183 460 sive
1219 422 1407 460 carentes
1458 420 1740 463 iurisdictione
1774 426 1811 463 et

181 500 288 545 quae
324 490 375 531 ita
409 488 694 531 consideratae
736 488 914 537 diversis
959 488 1091 530 modis
1126 488 1356 537 laeduntur,
1391 502 1458 530 res
1492 489 1811 542 ecclesiasticas,

182 558 290 615 quod
325 558 578 601 adiectivum
615 561 736 601 etiam
775 558 1062 614 praecedentia
1101 558 1226 601 verba
1261 558 1484 614 qualificat,
1508 560 1577 601 sed
1615 574 1678 603 res
1710 563 1813 603 acci-

184 641 281 685 pere
315 634 475 684 oportet
510 642 586 671 non
622 641 777 683 omnes,
798 641 904 685 quae
928 628 976 671 ad
1003 627 1221 671 ecclesiam
1259 631 1476 684 pertinent,
1497 635 1620 686 atque
1644 633 1681 672 in
1708 630 1811 674 libro

183 702 303 743 tertio
336 699 499 743 Codicis
548 703 814 742 recensentur
865 698 1130 755 multiplices,
1163 701 1258 756 quia
1311 699 1386 742 boc
1427 702 1463 741 in
1498 699 1631 743 Titulo
1679 701 1809 744 solum

182 775 376 826 aptantur
411 784 474 813 res
507 769 768 825 temporales,
803 782 908 825 quae
944 773 1154 825 proprium
1192 771 1228 811 in
1257 769 1347 812 aliis
1381 769 1480 814 Lib.i
1503 769 1531 811 V
1555 770 1698 814 Titulis
1731 785 1809 814 non

181 840 367 884 obtinent
401 840 548 884 locum.
574 839 760 883 Canones
793 840 845 883 de
878 840 1196 884 auctoritatibus
1228 853 1274 883 ac
1311 843 1494 897 personis
1527 844 1712 898 sequenti
1747 856 1810 885 or-

182 912 277 954 dine
312 916 453 954 mutuo
485 911 775 967 disponuntur.

303 982 397 1025 170.
434 980 567 1023 Primo
600 980 748 1024 delicta
792 983 1020 1037 puniuntur
1063 994 1170 1037 quae
1214 981 1348 1024 locum
1397 980 1546 1024 liabent
1582 984 1618 1023 in
1653 984 1809 1024 Summi

184 1052 391 1095 l'ontiticis
424 1051 640 1104 electione,
677 1057 815 1107 postea
850 1053 1042 1094 diversae
1077 1051 1480 1095 insubordinationes
1517 1065 1623 1109 quae
1657 1052 1811 1095 directe

185 1122 244 1165 vel
280 1123 479 1165 indirecte
525 1126 739 1177 patrantur
771 1125 893 1165 etiam
931 1136 1002 1178 per
1037 1124 1297 1178 interpositas
1347 1135 1554 1178 personas,
1591 1136 1639 1165 ne
1672 1128 1810 1166 aucto-

183 1196 280 1236 ritas
328 1193 606 1236 ecclesiastica
660 1197 740 1235 xim
791 1207 906 1236 suam
956 1194 1182 1237 efficaciter
1225 1199 1430 1245 exerceat,
1464 1199 1708 1236 coercentur
1742 1207 1812 1249 per

180 1277 270 1308 can.
292 1264 555 1311 2:331-2337,
581 1269 723 1306 contra
750 1267 1058 1320 usurpationem
1095 1265 1390 1307 iurisdictionis
1423 1269 1460 1307 et
1498 1264 1808 1320 vilipensionem

183 1347 408 1392 poenarum
443 1334 494 1378 ab
527 1346 573 1377 ea
609 1336 857 1378 inllietarum
896 1338 1113 1391 insurgunt
1148 1348 1237 1378 ean.
1260 1335 1523 1385 23382340,
1546 1335 1709 1377 diversa
1736 1337 1813 1391 pri-

186 1406 334 1462 vilegia
370 1408 612 1448 muniuntur
646 1419 718 1461 per
750 1418 930 1449 canones
962 1412 1064 1463 seq.s
1091 1405 1304 1449 videlicet:
1342 1406 1604 1462 privilegium
1642 1408 1715 1448 t'ori
1742 1420 1813 1462 per

181 1489 272 1520 can.
297 1476 422 1523 ⁶2:341,
448 1481 487 1519 et
510 1477 799 1533 quadantenus
832 1477 1030 1520 domicilii
1068 1490 1242 1533 nempe:
1277 1476 1466 1520 clausura
1503 1479 1540 1519 in
1575 1490 1663 1519 can.
1685 1476 1810 1527 2349,

183 1550 421 1590 immunitas
456 1547 682 1603 personalis
715 1548 950 1590 defenditur
984 1550 1020 1590 in
1056 1561 1145 1591 can.
1172 1547 1300 1598 2343,
1324 1550 1388 1590 cui
1423 1547 1689 1604 subsequitur
1719 1560 1810 1590 can.

183 1618 294 1661 2344
320 1623 460 1661 contra
497 1617 686 1661 verbales
719 1621 889 1661 iniurias
914 1620 1098 1661 fortassis
1122 1621 1275 1675 scripto
1300 1618 1453 1663 illatas:
1489 1623 1611 1675 atque
1644 1618 1809 1661 demum

180 1702 263 1746 quo
299 1689 417 1731 modo
462 1701 640 1731 canones
684 1691 933 1744 posteriores
966 1689 1017 1731 de
1057 1688 1181 1731 rebus
1226 1692 1330 1732 inter
1363 1703 1405 1731 se
1439 1690 1683 1731 ordinentur
1726 1693 1813 1744 post

181 1762 526 1804 commentarium
565 1760 899 1815 praecedentium
937 1760 1137 1803 dicemus.

303 1831 398 1873 171.
435 1831 625 1876 Delicta
647 1832 694 1874 in
719 1832 952 1886 eligendo
976 1832 1174 1876 Summo
1202 1832 1457 1876 Pontifice.
1479 1856 1530 1860 —
1556 1830 1657 1873 (tin.
1675 1831 1814 1873 3330.

185 1901 307 1955 Quod
330 1901 482 1943 altine!
515 1900 570 1942 ml
601 1914 759 1957 poenas
782 1907 967 1943 statutas
994 1901 1034 1943 in
1061 1901 1215 1943 delicta
1240 1915 1346 1958 qaae
1369 1901 1409 1943 in
1435 1900 1625 1957 eli'yendo
1650 1900 1814 1943 Summo

189 1971 399 2028 Pontifiee‚
421 1971 600 2014 scilicet:
627 1985 704 2013 nou
730 1972 860 2013 solum
884 1974 920 2013 in
947 1972 1090 2013 eodem
1112 1971 1325 2014 electionis
1348 1976 1455 2024 actu,
1474 1971 1544 2014 sed
1566 1973 1602 2013 in
1624 1970 1815 2013 omnibus

185 2043 259 2097 liis,
295 2055 398 2099 quae
433 2044 649 2085 occasione
685 2045 811 2098 ipsius
855 2042 1069 2085 electionis
1102 2044 1243 2098 peragi
1281 2047 1440 2098 oportet
1473 2054 1492 2084 a
1528 2041 1816 2085 Cardinalibus

182 2119 220 2157 et
255 2113 532 2157 conclavistiS.
583 2113 642 2156 tel
689 2128 786 2169 erga
830 2116 937 2168 ipsos
970 2118 1038 2156 aut
1073 2113 1248 2156 electum
1285 2116 1364 2156 iam
1399 2114 1614 2156 Summum
1652 2113 1813 2155 l'outili-

182 2198 288 2235 cem,
323 2184 526 2227 committi
556 2190 746 2240 possunt,
771 2185 890 2226 unire
923 2183 1118 2226 slamlam
1154 2190 1213 2226 est
1248 2189 1377 2226 const.
1417 2183 1480 2226 Pii
1514 2182 1553 2226 X
1586 2200 1606 2223 (ι
1637 2182 1815 2225 Vacante

187 2255 290 2298 Sede
320 2254 562 2312 Apostoliea
585 2270 623 2307 n,
648 2257 709 2297 25
733 2254 831 2297 Dee.
858 2258 990 2298 1904.
1018 2269 1065 2297 ex
1102 2268 1179 2311 qua
1218 2267 1369 2309 poenas
1402 2254 1618 2297 retulimus
1652 2256 1689 2296 in
1724 2266 1812 2296 can.

188 2326 284 2371 160.
318 2326 384 2369 ubi
423 2325 499 2368 late
535 2331 670 2367 actum
707 2332 764 2368 est
799 2326 850 2368 de
885 2325 960 2368 bac
995 2328 1079 2381 ipsa
1115 2325 1328 2379 electione,
1354 2330 1476 2382 atque
1511 2327 1815 2381 opportunitate

184 2401 315 2453 capta,
352 2408 503 2452 poenas
548 2395 635 2438 illas
669 2397 856 2439 ordinate
890 2396 1010 2439 simul
1046 2410 1093 2439 ac
1129 2396 1312 2439 breviter
1355 2398 1639 2439 recensuimus
1681 2395 1815 2438 decla·

188 2471 295 2509 ratas
328 2469 365 2509 in
401 2466 539 2523 aliquo
583 2471 747 2522 puncto,
782 2472 980 2523 quantuni
1017 2471 1077 2509 est
1110 2469 1147 2509 in
1185 2468 1387 2523 praesenti
1423 2464 1560 2522 Opere
1595 2467 1816 2519 sufficiens,

177 2531 280 2579 ‘cum
315 2541 462 2593 agatur
495 2537 545 2579 de
580 2550 636 2589 re,
670 2549 776 2593 quae
811 2550 980 2593 perraro
1015 2537 1182 2591 accidit,
1215 2550 1289 2580 nec
1321 2536 1372 2580 ab
1406 2536 1598 2579 einnibus
1632 2536 1819 2578 indiscri-

190 2609 373 2650 minatim
410 2607 645 2650 ediscenda.
682 2607 894 2651 Adverbio
933 2624 954 2648 «
978 2610 1098 2651 unice
1122 2623 1161 2659 )),
1190 2608 1298 2664 quod
1335 2621 1412 2650 non
1453 2620 1555 2650 vane
1588 2609 1816 2663 appositum

188 2678 310 2720 tuisse
343 2677 565 2720 dicendum
601 2683 674 2727 est,
701 2681 873 2720 innuere
911 2679 1087 2725 videtur,
1112 2678 1236 2735 qnod,
1260 2680 1335 2721 etsi
1369 2678 1473 2720 aliae
1507 2680 1819 2720 constitutiones

187 2760 295 2804 (pute
330 2746 482 2790 ibidem
507 2748 647 2791 saliae
671 2748 866 2791 dicuntur
890 2752 1012 2792 etiam
1040 2762 1148 2791 nunc
1176 2751 1257 2791 vim
1284 2748 1476 2803 habeant,
1503 2753 1543 2791 ut
1566 2750 1819 2791 asseruimus

189 2820 225 2860 in
262 2830 349 2861 can.
374 2817 472 2871 160,
501 2823 680 2861 attamen
717 2832 873 2875 poenae
907 2822 987 2862 sint
1021 2824 1177 2862 tantum
1213 2818 1467 2862 hauriendae
1500 2832 1548 2861 ex
1583 2823 1711 2861 const.
1737 2817 1817 2868 itta,

188 2894 393 2946 quatenus
429 2889 480 2931 ibi
517 2902 737 2945 expressae
773 2891 1051 2933 inveniantur.
