1961 3182
132 0 378 39 ‘'Wsswv:
394 0 465 19 '2⁸:7¹‘
476 0 489 7 v.
500 0 512 25 μ.
542 0 558 12 i·
569 0 580 10 ι,
622 0 642 9 1*

99 50 102 63 ι
143 59 145 61 .
312 59 314 61 .
372 48 374 50 “

533 496 986 561 BENEVOLO
1048 497 1401 563 LECTORI

293 829 437 876 Dum
465 828 683 875 offertur
709 833 802 876 tuo
831 829 1007 876 studio
1042 828 1500 877 Commentariun]
1541 832 1684 879 istud
1723 835 1777 880 in

151 925 266 974 Lib.
309 925 357 973 V
396 923 621 980 Codicis⁷
663 926 747 970 cui
790 923 1063 970 volumina
1100 930 1504 987 praecesserunt
1549 927 1602 972 in
1648 927 1777 974 alios

150 1020 352 1077 Libros,
402 1036 465 1066 ne
511 1028 665 1082 putes
711 1018 777 1065 ad
822 1020 980 1065 fineni
1030 1018 1413 1066 Coinnientarii
1466 1037 1549 1067 me
1602 1037 1778 1084 perve-

150 1118 304 1163 nisse.

290 1209 441 1256 Alias
482 1211 587 1255 13111
628 1211 817 1255 recessi
859 1208 923 1255 31)
964 1208 1147 1255 ordine
1188 1209 1397 1256 Codicis
1427 1211 1694 1273 sequendo
1722 1213 1776 1258 in

148 1305 396 1362 editione,
426 1304 552 1351 duni
580 1304 814 1351 laborem
843 1306 1301 1367 interpretationis
1335 1322 1694 1369 prosequerer,
1724 1310 1778 1354 et

149 1400 215 1447 ad
253 1400 354 1447 hoc
392 1416 476 1446 me
516 1401 683 1445 movit
729 1399 1048 1446 desiderium
1098 1399 1315 1446 iuvandi
1363 1410 1579 1463 tyrones
1626 1417 1776 1449 cano-

150 1497 299 1542 nicae
344 1494 655 1557 disciplinae
702 1510 793 1557 per
838 1494 1122 1541 sollicitam
1169 1494 1459 1542 editionem
1499 1513 1680 1543 eorum
1720 1497 1774 1544 li·

147 1587 377 1645 brorum,
420 1604 644 1650 quorum
685 1588 858 1634 iidem*
886 1604 1041 1651 opere
1082 1591 1253 1651 inagis
1293 1590 1611 1652 indigerent.

289 1682 443 1729 Nunc
484 1698 605 1729 vero
646 1685 787 1729 circa
827 1686 1106 1730 materiam
1156 1684 1279 1731 «De
1320 1684 1528 1732 delictis
1569 1690 1621 1732 et
1659 1702 1774 1749 poe-

147 1778 228 1823 nis
255 1795 276 1819 »
315 1776 533 1823 fuerunt
561 1777 776 1839 quidem
806 1786 1057 1825 exaratae
1085 1781 1317 1842 optimae
1347 1779 1774 1827 elucubrationes

145 1875 270 1918 ante
298 1870 564 1918 Codicem.
607 1872 756 1918 Inter
794 1872 984 1919 harum
1025 1873 1288 1921 Auctores
1329 1874 1483 1921 facile
1522 1878 1774 1937 praeemi-

144 1971 275 2014 nent
325 1966 522 2014 Suarez
583 1967 713 2014 «De
760 1971 996 2014 censuris
1026 1990 1071 2014 ».
1120 1968 1426 2016 Thesaurus
1481 1989 1501 2012 «
1531 1970 1611 2017 De
1657 1987 1771 2034 poe-

145 2062 226 2107 nis
256 2081 299 2117 »‚
343 2077 548 2109 necnon
589 2064 897 2124 proximiori
937 2067 1176 2126 tempore
1219 2064 1280 2110 cl.
1323 2063 1477 2112 Card.
1524 2065 1673 2127 Lega
1715 2068 1769 2112 in

143 2153 312 2218 Opere
363 2171 457 2203 suo
508 2176 529 2199 <‹
555 2155 637 2202 De
689 2155 906 2202 Iudiciis
941 2178 980 2202 ».
1026 2157 1133 2203 Nec
1185 2158 1379 2205 desunt
1429 2158 1633 2206 labores
1674 2162 1770 2206 uti-

143 2249 264 2297 liter
301 2237 563 2314 assumpti
591 2251 657 2297 ad
685 2252 1025 2314 exponendas
1065 2255 1377 2315 praesertim
1417 2254 1534 2301 illas
1573 2270 1769 2318 poenas

142 2345 501 2403 medicinales,
543 2362 679 2409 quae
718 2349 772 2393 in
801 2363 957 2394 usum
985 2347 1359 2410 quotidianum
1388 2352 1559 2412 magis
1591 2351 1767 2396 venire

142 2443 376 2502 possunt,
407 2456 467 2487 ac
495 2457 748 2488 censurae
776 2450 1051 2490 vocantur.
1082 2442 1231 2490 Inter
1269 2443 1400 2491 alios
1441 2446 1767 2507 scripserunt

142 2548 171 2575 ·«
202 2531 280 2579 De
308 2536 543 2581 censuris
570 2555 591 2578 >>
642 2534 779 2583 clar.i
821 2536 1013 2584 Cerato
1042 2542 1096 2584 et
1124 2536 1391 2601 Cappello‚
1428 2546 1589 2601 atque
1628 2559 1648 2582 «
1675 2539 1765 2586 Ius

138 2626 402 2690 poenale»
441 2627 645 2675 editum
673 2634 753 2677 est
792 2647 820 2678 3
861 2631 983 2678 clar.
1027 2630 1265 2679 Chelodi.
1307 2632 1765 2680 Commentariun]

139 2737 264 2768 vero
302 2724 468 2769 totius
507 2723 654 2770 Libri
696 2731 775 2771 est¹
813 2726 1012 2788 publici
1052 2728 1182 2773 iuris
1222 2728 1421 2775 factum
1458 2730 1640 2791 paucis
1680 2728 1764 2776 ab·

139 2814 265 2863 hinc
304 2819 458 2864 annis
503 2834 533 2865 a
579 2818 879 2867 Professore
926 2823 1147 2869 emerito
1195 2826 1249 2869 et
1292 2821 1554 2870 Auditore
1600 2822 1650 2871 S.
1698 2824 1763 2874 R.
