1981 3182
1638 12 1641 13 γ
1696 0 1981 43 >,“-·-*;*ᾞπι-ι·γ’

1967 43 1978 53 »-

220 141 265 175 62
685 139 771 173 Lm.
800 140 845 173 V.
875 160 886 164 -
914 140 1023 174 PARS
1049 139 1100 174 ΙΙ.
1130 159 1142 166 -
1169 140 1225 174 De
1247 143 1383 184 poenis
1638 140 1730 175 Can.
1757 140 1852 175 2223

220 260 511 316 applicationis
546 273 715 316 poenae,
749 259 882 317 faerit
914 259 1159 302 emendatus
1204 272 1224 302 a
1269 259 1434 314 delicto,
1469 261 1577 317 quod
1619 263 1851 317 respicitur,

221 336 258 373 et
292 330 540 373 scandalum
572 330 853 388 reparaverit,
874 331 983 387 quod
1010 344 1083 387 pro
1109 331 1244 373 iudiee
1267 344 1433 386 semper
1457 334 1735 374 necessarium
1761 334 1853 385 erit,

221 405 314 458 quia
355 401 548 445 «delicta
584 414 690 458 quae
724 401 878 444 cadunt
910 401 987 443 sub
1021 401 1226 444 criminali
1272 402 1424 444 iudicio
1468 407 1561 444 sunt
1599 401 1746 445 delicta
1784 415 1853 458 pu·

220 472 370 516 blica»
411 472 520 529 (ean.
560 472 683 525 1933,
717 472 745 529 ξ
782 471 838 528 1).
878 471 995 515 Ratio
1041 473 1162 515 huius
1205 474 1463 528 exceptionis
1496 486 1516 515 a
1552 472 1695 528 regula
1727 485 1851 528 supra

219 546 258 586 in
293 546 335 597 §⁰
370 545 500 597 posita
535 548 595 586 est
628 542 819 586 obtentus
855 544 945 585 tinis
982 556 1053 598 per
1094 556 1266 598 poenam
1314 545 1506 595 intentus,
1541 546 1609 599 qui
1644 542 1854 586 obtinetur

219 614 549 671 aequipollenter
582 617 619 656 in
655 616 842 671 sequenti
878 613 1031 669 <triptici
1069 613 1309 670 hypothesi:
1348 613 1387 656 b*
1419 619 1493 655 am
1532 627 1712 656 «reus»
1741 612 1849 671 saffi-

219 685 378 727 eienter
400 701 421 725 «
441 685 589 727 iudicis
613 685 673 727 rel
695 686 928 740 Superioris
949 700 966 724 ›)
993 689 1035 727 ut
1058 697 1180 740 supra
1208 685 1360 727 iudicio
1378 685 1554 741 [nmini-s
1572 684 1639 738 sit,
1660 687 1853 741 quamvis

220 769 349 812 poena
386 769 462 798 non
499 758 712 809 canonica,
748 768 841 798 nam
876 754 1090 798 subditur:
1125 755 1164 810 e)
1199 754 1521 813 relyncniendns
1546 755 1636 798 talis
1666 775 1680 793 α
1709 768 1803 798 reus
1826 771 1846 797 ))

215 826 520 884 praemileatiir
550 826 697 884 poenis
731 826 988 868 ‹laetoritate
1021 825 1138 868 eima·
1169 826 1347 868 sancitis
1382 826 1575 883 equidem
1613 828 1729 875 iuste,
1755 828 1850 883 quia

222 898 463 941 «delictum
499 898 607 954 quod
645 897 770 940 laedit
806 899 1020 953 utriusque
1054 899 1264 940 societatis
1299 897 1447 953 legem,
1482 897 1532 940 ab
1573 903 1746 954 utraque
1781 910 1849 953 po·

217 973 363 1011 testate
399 970 532 1024 puniri
570 973 745 1024 potest»
785 968 893 1025 (can.
929 968 1070 1020 2198).

339 1038 425 1081 Duo
461 1041 619 1095 priores
654 1040 813 1081 numeri
859 1039 909 1081 de
951 1052 1080 1095 poena
1126 1038 1415 1095 praescribunt
1459 1040 1776 1082 «determinata
1813 1044 1851 1082 et

218 1110 536 1153 indeterminata
563 1126 602 1156 )).
636 1110 756 1153 aliter
798 1110 874 1153 sub
925 1109 969 1152 n⁰
1001 1109 1051 1153 30
1085 1109 1137 1153 ob
1181 1112 1423 1166 praescripti
1465 1115 1670 1153 naturam.
1709 1126 1726 1149 «
1751 1109 1850 1153 Con-

216 1184 413 1224 scientiae
437 1186 475 1224 et
499 1181 743 1237 prudentiae
769 1181 916 1224 iudicis
944 1181 1005 1224 vel
1031 1184 1266 1237 Superioris
1289 1184 1562 1224 committitur
1585 1198 1605 1222 »
1627 1198 1634 1224 2
1671 1180 1849 1223 Poenam

216 1251 542 1295 determinatam
568 1255 604 1294 in
630 1252 720 1308 lege
745 1255 781 1304 a)
806 1257 1041 1309 temperare
1066 1265 1137 1308 per
1163 1254 1461 1308 mitigationem
1499 1254 1848 1308 proportionatam

216 1322 279 1365 vel
312 1322 400 1365 loeo
434 1323 569 1380 ipsias
604 1336 758 1378 poenae
796 1324 1076 1366 vindicativae
1111 1322 1153 1376 b)
1188 1322 1362 1380 aliquod
1400 1323 1631 1365 remedium
1660 1322 1851 1380 poenale.

219 1394 432 1437 videlieet:
462 1411 483 1435 «
509 1397 791 1448 monitionem,
816 1397 1137 1450 correptionem,
1164 1399 1429 1450 praeceptum
1459 1394 1521 1437 vel
1549 1394 1844 1450 vigilantiam»

216 1464 324 1522 (ean.
360 1466 493 1523 2306)
528 1479 600 1522 pro
634 1478 805 1508 casuum
840 1465 1084 1508 diversitate
1118 1464 1321 1507 willihere
1353 1465 1394 1521 c)
1428 1471 1501 1507 aut
1535 1464 1723 1522 aliquam
1753 1479 1850 1522 poe-v

216 1536 440 1580 nitentiam
476 1538 644 1579 t'orsitan
680 1550 728 1580 ex
764 1536 826 1579 bis
868 1536 944 1579 sub
988 1536 1032 1594 §⁰
1071 1536 1113 1578 10
1148 1549 1237 1579 can.
1275 1536 1386 1578 2313
1421 1538 1676 1579 enumeratis
1708 1536 1846 1579 inian-

212 1622 325 1665 yere,
362 1608 489 1652 idest:
527 1622 651 1650 tinum
692 1607 752 1651 vel
789 1607 899 1650 aliud
938 1621 1009 1663 pro
1045 1607 1154 1650 illius
1189 1607 1379 1663 prudenti
1415 1607 1600 1654 arbitrio,
1623 1609 1655 1649 si
1688 1607 1849 1650 accidat

215 1679 481 1723 distributive
532 1693 658 1722 unum
712 1679 773 1722 vel
823 1678 933 1721 aliud
981 1678 1127 1721 horum
1168 1691 1275 1735 quae
1318 1683 1570 1734 sequuntur3
1607 1691 1776 1734 nempe:
1811 1678 1848 1719 si

215 1749 255 1807 a)
288 1749 412 1793 detur
445 1750 766 1792 eireamstanlia
799 1749 1078 1806 delinquentis
1103 1749 1165 1791 vel
1195 1748 1333 1792 delicti
1369 1747 1743 1806 impatabilitatem
1777 1763 1845 1791 no-

217 1820 405 1863 tabiliter
436 1821 628 1863 minuens
671 1820 959 1876 cognoscenda
1005 1834 1055 1863 ex
1096 1819 1307 1863 declarato
1352 1832 1440 1862 can.
1479 1819 1605 1873 2218,
1640 1822 1664 1872 t}
1702 1819 1736 1869 1,
1771 1821 1844 1862 etsi

215 1894 356 1948 gravis
390 1897 602 1935 remaneat
637 1891 935 1948 imputabilitas
970 1895 1138 1947 propter
1159 1890 1187 1947 ξ
1212 1891 1249 1940 2,
1276 1889 1316 1946 b)
1347 1889 1409 1932 vel
1443 1889 1648 1932 habeatur
1681 1889 1847 1947 quidem

214 1962 278 2005 rei
311 1962 547 2006 emendatio
580 1965 774 2020 (plainris
809 1963 1002 2018 perfecta,
1034 1961 1074 2017 o)
1109 1967 1183 2003 ant
1218 1961 1381 2019 inllieta
1418 1963 1539 2004 tuerit
1572 1975 1595 2003 a
1630 1960 1746 2002 cirili
1777 1974 1848 2002 ‹ta-

214 2034 411 2077 etoritate
443 2034 669 2091 eastiqatio
704 2036 816 2077 iuxta
853 2047 962 2077 num.
996 2033 1063 2087 ⁶2¹³,
1097 2032 1169 2075 sed
1203 2032 1329 2074 iader
1363 2032 1423 2075 ivel
1457 2032 1666 2089 Superior
1696 2045 1844 2089 oppor-

216 2110 359 2147 tunam
389 2111 614 2162 praeterea
648 2105 786 2148 (liteat.
829 2107 954 2161 igitur
999 2103 1311 2153 rationabiliter,
1358 2103 1567 2146 mitiorem
1606 2119 1627 2144 «
1651 2103 1842 2146 determi-

215 2181 352 2219 nata»
391 2176 578 2233 aliquam
611 2176 874 2233 punitionem
909 2175 1004 2218 huie
1047 2174 1124 2218 sub
1163 2174 1296 2218 littera
1333 2173 1370 2230 e)
1405 2174 1577 2229 addere,
1613 2174 1673 2216 vel
1712 2176 1749 2216 in
1784 2186 1847 2216 ca-

213 2247 326 2291 sibus
360 2246 402 2303 (ι)
437 2252 475 2290 et
511 2247 549 2303 1))
587 2250 815 2303 imponere.

330 2318 358 2376 ξ
390 2322 431 2362 4.
474 2317 650 2360 Poenam
688 2317 976 2361 medicinalem
1016 2322 1087 2360 aut
1134 2318 1431 2359 xindicativam
1467 2315 1582 2358 latae
1614 2315 1847 2358 sententiae

213 2395 380 2446 propter
414 2389 611 2432 delictum
658 2392 736 2432 iam
778 2391 985 2432 ineursam
1021 2387 1257 2438 deelarare,
1293 2394 1335 2430 ut
1371 2390 1407 2429 in
1445 2388 1532 2429 foro
1567 2392 1739 2430 externo
1773 2399 1842 2429 au-

212 2460 393 2503 thentice
417 2465 587 2509 cmistet,
607 2460 857 2517 yeneratim,
884 2459 1010 2502 idest:
1040 2459 1163 2502 veluti
1191 2471 1334 2501 norma
1360 2457 1637 2500 committitur
1664 2460 1697 2500 vi
1723 2457 1844 2500 buius

212 2533 381 2574 eanonis
422 2530 680 2589 prudentiae
721 2529 969 2587 Superioris
1011 2531 1345 2572 circumstantias
1395 2529 1711 2584 perpenderitis:
1769 2527 1841 2570 sed

211 2601 251 2658 a)
271 2602 356 2644 sire
373 2601 428 2644 ad
448 2602 698 2644 instantiam
714 2601 854 2659 partis
878 2601 997 2643 enias
1023 2600 1197 2642 interest
1217 2606 1386 2656 propter
1405 2598 1620 2656 quodlibet
1643 2599 1842 2642 damnum

212 2677 438 2728 receptum7
466 2672 506 2729 b)
532 2673 617 2715 sive
639 2672 740 2715 bono
775 2672 983 2715 eommani
1007 2672 1228 2724 dioecesis,
1261 2673 1457 2723 civitatis,
1503 2670 1723 2727 parochiae
1772 2674 1840 2712 aut

212 2746 521 2788 communitatis
555 2743 614 2785 ita
649 2743 852 2799 eminente,
880 2743 1134 2799 proindeque
1169 2744 1326 2784 ratione
1359 2740 1486 2784 debiti
1511 2754 1559 2784 ex
1586 2741 1721 2784 officio
1745 2752 1841 2796 erga

210 2814 395 2870 singulos
414 2814 556 2857 tideles
584 2814 645 2855 vel
669 2817 908 2857 societatem
933 2814 1077 2856 saltem
1103 2813 1403 2868 imperfectam,
1428 2812 1636 2854 sententia
1656 2810 1841 2853 deelara-

213 2886 324 2930 toria
346 2885 444 2928 dari
466 2884 595 2940 debet,
619 2885 668 2927 ad
694 2885 802 2942 quod
830 2885 951 2927 iudex
981 2884 1042 2927 vel
1073 2884 1269 2939 Superior
1294 2882 1369 2926 hoc
1396 2886 1650 2939 praescripto
1675 2882 1837 2937 ligatur.
