1981 3182
190 139 261 173 256
564 138 649 171 Lm.
671 138 716 171 V.
739 158 751 162 -
771 138 881 171 PARS
898 138 970 171 ΙΙΙ.
992 158 1002 162 -
1022 138 1079 172 De
1092 141 1228 182 poenis
1248 141 1289 172 in
1308 139 1446 172 delicta
1606 138 1699 174 Can.
1726 139 1819 174 ‘2352

190 259 227 300 in
262 271 336 301 suo
369 271 521 314 genere
557 257 784 313 perfectum
818 258 1047 301 secundum
1084 258 1375 314 proprietatem
1413 241 1635 300 verborum
1669 257 1771 314 legis
1794 274 1814 299 ›)

188 329 298 385 (can.
336 327 482 385 2228),
514 327 760 385 pleeluntur
795 331 832 370 vi
868 331 1036 371 canonis
1067 328 1187 371 liuius
1220 341 1360 370 onmes
1397 330 1433 369 in
1479 326 1602 372 Conc.
1647 327 1820 372 Deci-eto

186 401 385 452 distincti,
420 399 604 457 {secali'bet
638 398 764 442 eliam
798 398 1009 455 diqizitate
1042 399 1143 441 laica
1181 398 1244 442 vel
1284 400 1564 443 ecclesiastica
1596 398 1819 457 sulyentes,

187 472 259 515 sed
300 487 319 512 <c
343 472 381 514 S.
417 470 462 514 R.
498 470 542 513 E.
577 470 818 514 Cardinales
850 470 927 514 sub
961 469 1072 526 (hac)
1108 469 1197 525 lege
1231 469 1348 527 (qua)
1383 469 1542 526 poenali
1585 483 1664 513 non
1709 483 1818 513 com-

189 542 505 599 prehenduntur
528 558 549 582 »
588 541 636 584 ad
672 554 859 584 normam
895 554 985 585 can.
1022 541 1149 593 2227,
1181 540 1208 598 ᾗ
1243 542 1280 591 2,
1316 541 1387 598 qul
1419 554 1580 598 quoquo
1613 540 1745 592 modo,
1781 554 1818 581 v.

188 628 248 670 gr.
285 615 420 664 minis,
458 614 512 666 vi,
548 617 657 655 metu
692 614 825 668 gravi,
858 614 1115 656 auctoritatis
1155 625 1242 665 usu,
1287 617 1437 668 roffam
1480 613 1658 668 proprie,
1692 611 1818 654 idest:

189 698 283 727 cum
318 686 481 739 effectu,
517 683 560 741 α)
595 683 681 725 sive
713 683 963 740 viritim-qui
1003 699 1024 723 c<
1047 682 1157 725 solus
1189 681 1414 738 baptizatus
1451 695 1610 725 sacram
1656 682 1818 725 ordina-

190 759 342 799 tionem
382 755 518 798 valide
553 757 742 811 recipit»
780 755 885 809 (can.
920 754 1018 807 968,
1052 753 1079 810 ξ
1116 754 1165 808 1),
1199 752 1255 795 ad
1287 757 1442 795 statam
1467 752 1702 795 clericalem
1721 766 1819 809 ergo

197 841 313 884 «per
365 829 540 883 primam
584 826 727 869 saltem
774 830 1031 868 tonsuram»
1069 828 1172 876 (can.
1211 824 1306 877 108,
1341 824 1368 881 ἓ
1403 823 1444 881 1)
1490 823 1817 882 amplectendum

193 900 371 955 proprie,
406 897 516 954 quod
551 897 634 940 dici
669 899 810 954 nequit
846 898 883 938 in
922 902 1023 952 seq.S
1057 894 1239 939 casibus:
1285 894 1325 951 a)
1376 910 1395 935 ((
1420 900 1462 938 ut
1503 898 1607 939 inter
1648 895 1821 939 clericos

190 969 326 1012 denuo
360 969 642 1011 admittatur»
681 968 790 1024 (can.
816 966 933 1023 212),
961 966 1023 1009 vel
1049 966 1091 1023 b)
1120 983 1141 1007 «
1167 971 1275 1009 metu
1301 969 1419 1022 gravi
1444 968 1630 1010 ordinem
1655 979 1817 1009 sacrum

192 1042 426 1096 recipiat»,
462 1039 527 1081 vel
562 1039 788 1090 ordinatus,
824 1040 894 1095 qui
928 1040 967 1095 c)
1003 1042 1074 1080 aut
1111 1053 1130 1078 ((
1155 1037 1205 1081 ab
1244 1038 1447 1094 Episcopo
1492 1038 1541 1080 ad
1587 1039 1821 1094 superiores

190 1111 358 1153 ordines
393 1110 656 1165 recipiendos
674 1114 847 1165 cogatur
870 1125 891 1149 ›>
919 1109 1142 1152 adversum
1168 1116 1274 1154 can.⁸
1298 1110 1396 1164 973,
1419 1112 1436 1161 ,ξ
1457 1109 1479 1151 2
1507 1110 1819 1164 praescriptum,

189 1180 234 1238 d)
269 1186 339 1224 aut
371 1181 419 1223 ad
457 1180 706 1223 manendum
745 1183 781 1222 in
815 1184 920 1223 statu
956 1179 1152 1233 clericali,
1194 1200 1207 1219 «
1239 1180 1301 1223 vel
1337 1180 1376 1236 e)
1400 1182 1597 1223 canonice
1626 1179 1818 1222 idoneum

190 1253 242 1296 ab
275 1252 420 1295 eodem
456 1256 561 1294 statu
597 1250 777 1295 clericali
813 1253 953 1299 tetiam
988 1251 1147 1308 coacte)
1182 1256 1439 1294 avertatur»
1467 1255 1608 1293 contra
1632 1261 1818 1293 normam

191 1329 298 1368 can.s
332 1323 429 1377 971,
466 1325 518 1365 ita
556 1327 598 1365 ut
629 1322 714 1365 sola
751 1324 924 1377 primam
961 1321 1083 1365 liuius
1110 1325 1279 1364 canonis
1320 1326 1475 1378 partem
1519 1333 1713 1376 praesens
1755 1334 1819 1362 ra-

193 1397 310 1437 nonis
345 1396 644 1450 praescriptum
680 1395 884 1449 respiciat.
907 1419 959 1424 -—
998 1393 1262 1450 Prosequitur
1294 1405 1445 1435 canon:
1481 1391 1666 1448 (supplez
1707 1407 1729 1432 α
1751 1394 1818 1448 qni

190 1478 357 1523 quoquo
393 1465 512 1507 modo
547 1463 763 1521 cogant»)
801 1464 947 1521 13)sire
982 1464 1114 1506 virum
1147 1466 1343 1507 omissum
1380 1466 1417 1506 iu
1442 1461 1728 1507 (3111103Τ1-111.ί
1752 1464 1818 1504 dc·

191 1542 304 1580 creto
338 1542 411 1578 (ιυί
445 1535 662 1578 nzulierem
701 1538 964 1578 «invitam»
1003 1541 1039 1579 et
1074 1536 1303 1578 secundum
1337 1535 1644 1578 distinctionem
1678 1533 1731 1577 ibi
1757 1547 1821 1575 ox-

195 1621 392 1664 pressam,
427 1609 467 1663 a)
501 1606 557 1649 acl
589 1606 834 1664 relissi'onem
870 1606 1100 1663 quamlibet
1134 1609 1171 1649 in
1206 1619 1296 1650 can.
1333 1607 1430 1661 488,
1456 1606 1498 1648 1⁰
1522 1606 1732 1649 definitam
1758 1605 1819 1647 in-

189 1678 467 1735 Jsredi'emlam
503 1681 667 1734 proprie
692 1683 775 1720 tum
806 1695 823 1718 «
853 1677 1056 1734 postulatu
1082 1694 1121 1730 1),
1148 1683 1230 1720 tum
1263 1693 1282 1718 ((
1307 1679 1508 1720 novitiatu
1532 1692 1554 1717 ))
1581 1676 1818 1731 singillatim

194 1754 305 1793 iuxta
342 1752 629 1806 inscriptiones
662 1751 843 1805 capitum
880 1748 890 1791 l
927 1753 966 1791 et
1000 1748 1031 1791 ll
1064 1748 1185 1791 Tituli
1221 1748 1273 1791 xl
1304 1764 1322 1787 «
1348 1748 1397 1790 de
1421 1748 1671 1790 admissione
1695 1749 1732 1789 in
1761 1760 1819 1788 re—

194 1822 387 1878 ligionem
415 1837 434 1862 »
474 1820 559 1863 Lib.
595 1820 642 1873 11,
679 1819 720 1877 11)
754 1819 817 1862 vel
840 1819 895 1862 ad
918 1819 1188 1862 enm'ttemlam
1212 1818 1437 1877 quamlibet
1463 1818 1701 1875 reliqiosam
1723 1831 1819 1875 pro-

191 1893 417 1951 fessionem
450 1894 690 1948 ceteroquin
727 1890 951 1934 invalidam
989 1894 1242 1946 praescripto
1275 1895 1382 1932 can.S
1417 1889 1513 1942 572,
1547 1892 1571 1943 3²
1601 1891 1633 1941 l,
1654 1890 1710 1943 4⁰,
1739 1894 1821 1930 mm

192 1963 434 2007 sollenmem
470 1966 507 2005 in
543 1960 775 2007 Ordinibus
808 1975 931 2019 quam
963 1961 1191 2018 simplicem
1229 1963 1265 2003 in
1302 1960 1380 2003 illis
1422 1960 1482 2003 vel
1528 1958 1820 2016 Congregatio-

195 2034 326 2083 nibus.
363 2041 446 2076 lam
476 2039 725 2091 perpetuam
761 2036 797 2075 in
833 2032 895 2075 his
928 2046 1052 2089 quam
1087 2032 1387 2090 temporarium
1421 2034 1458 2073 in
1494 2030 1686 2074 omnibus
1711 2043 1823 2086 prae-

191 2107 313 2149 dictis
349 2107 482 2148 forsan
521 2110 686 2161 propter
711 2106 908 2160 temporis
933 2106 1265 2160 prorogationem
1303 2105 1458 2159 praevii
1498 2102 1546 2145 ad
1578 2106 1819 2158 perpetuam

195 2178 488 2234 professionem
528 2178 638 2219 iuxta
673 2176 727 2232 ξω
764 2176 815 2218 ⁶2¹⁰
850 2180 957 2217 can?
991 2175 1086 2216 574.
1131 2200 1182 2204 —
1217 2174 1321 2228 Quia
1361 2190 1383 2214 «
1406 2187 1484 2216 non
1521 2173 1615 2216 licet
1647 2185 1818 2230 poenam

193 2249 245 2292 de
281 2260 452 2304 persona
487 2247 535 2289 ad
574 2260 788 2303 personam
829 2245 890 2288 vel
926 2246 975 2288 de
999 2258 1095 2289 casu
1121 2245 1170 2288 ad
1195 2258 1335 2288 casum
1364 2245 1604 2300 producere,
1631 2245 1822 2301 quamvis

196 2333 267 2377 par
300 2320 406 2362 adsit
442 2321 543 2361 ratio
568 2334 607 2371 1),
642 2320 812 2361 canonis
848 2318 1146 2373 praescriptum
1191 2329 1270 2359 non
1311 2315 1627 2372 comprehendit
1670 2315 1820 2371 profes-

193 2395 350 2435 sionem
385 2391 651 2434 emittendam
690 2393 726 2432 in
761 2388 1028 2443 societatibus
1061 2390 1337 2431 communiter
1363 2390 1591 2430 viventium
1623 2400 1735 2430 more
1759 2400 1821 2429 re-

195 2463 450 2519 ligiosorum,
485 2463 682 2519 quamvis
712 2474 837 2504 unum
872 2459 1105 2503 alterumve
1143 2464 1281 2502 votum
1317 2461 1518 2502 emittant.

312 2532 500 2589 Denique
533 2546 580 2575 eo
615 2532 722 2588 quod
752 2548 775 2572 ((
799 2534 835 2573 in
860 2530 1011 2574 Codice
1036 2529 1145 2572 nulla
1171 2531 1214 2572 tit
1239 2532 1449 2584 mentio,...
1475 2533 1684 2585 tamquam
1704 2527 1820 2571 abro-

192 2609 287 2659 gata
342 2603 588 2646 habeatur»
638 2602 801 2646 Deci-eti
847 2601 1076 2644 Tridentini
1120 2600 1249 2643 altera
1295 2613 1401 2656 pars,
1447 2602 1485 2642 in
1529 2612 1608 2656 qua
1657 2614 1676 2640 <‹
1699 2599 1822 2642 simili

194 2688 360 2732 quoque
394 2673 648 2716 anathemati
682 2672 849 2716 subiicit
882 2670 1149 2727 (Concilium)
1183 2684 1265 2724 eos,
1300 2672 1368 2727 qui
1392 2674 1576 2713 sanctam
1602 2671 1824 2725 virginum,

198 2745 261 2787 vel
295 2745 471 2788 aliarum
508 2743 728 2786 mulierum
767 2743 1035 2797 voluntatem,
1073 2741 1151 2785 veli
1186 2741 1431 2798 accipiendi,
1471 2740 1532 2783 vel
1581 2742 1660 2782 voti
1705 2742 1822 2782 emit—

195 2816 322 2869 tendi,
366 2828 532 2872 quoquo
582 2815 703 2857 modo
737 2816 824 2857 siue
868 2816 972 2857 iusta
1016 2825 1139 2856 causa
1184 2812 1508 2868 impedierint».
1553 2809 1638 2852 Vim
1685 2815 1821 2852 autem

196 2900 274 2929 non
310 2888 447 2929 amisit
488 2901 506 2926 c(
533 2885 598 2929 lex
634 2887 734 2928 iuris
767 2886 897 2928 divini
942 2883 1182 2927 naturalis»
1232 2883 1339 2940 (cau.
1375 2883 1412 2937 6,
1449 2881 1525 2938 6⁰),
1568 2894 1648 2938 qua
1693 2880 1823 2923 tidelis
