1981 3182
0 0 311 75 FWW-“ss'w
377 0 384 5 ’
395 0 399 2 ’

0 77 8 86 Δ
22 68 25 69 ⁷

116 138 209 174 Can.
236 137 330 172 ‘2319
489 138 570 172 Tl'r.
598 138 688 172 XII.
706 158 719 163 -
738 138 795 173 De
820 139 970 173 delictis
995 141 1132 172 contra
1148 140 1373 183 religionem
1669 140 1738 174 207

116 269 300 324 praecise
332 268 382 311 de
416 268 493 311 hoc
517 268 625 325 quod
660 270 861 325 sequitur,
889 266 949 310 vel
982 267 1188 324 implicito
1223 270 1260 310 in
1294 268 1371 312 alia
1405 274 1613 325 assumpta
1647 268 1744 312 obli-

115 340 293 394 gatione,
319 344 362 380 ic!
396 338 531 381 ovinis
564 340 780 395 utriusque
814 351 937 381 sexus
972 336 1034 379 rel
1067 337 1213 394 aliqua
1244 338 1385 396 proles
1411 353 1446 382 v.
1472 353 1533 395 gr.
1558 340 1740 382 eiusdem

114 421 238 452 sexus
270 421 317 451 ac
350 411 502 452 coniux
537 408 806 463 acatholicus,
840 420 977 451 unave
1010 413 1182 462 tantum,
1218 408 1417 452 educetur
1447 415 1570 451 extra
1603 408 1742 452 catho-

116 478 240 521 licam
273 477 521 529 Ecclesiam,
555 479 663 536 quod
699 478 1028 535 comprehendit,
1065 483 1150 521 tum
1189 483 1342 523 sectam
1387 479 1636 523 haereticam
1680 479 1743 523 vel

116 549 437 603 schismaticam,
472 555 557 592 tum
593 549 750 607 absque
785 549 998 605 religione,
1033 548 1096 592 vel
1133 551 1169 591 in
1200 549 1383 606 qualibet
1405 550 1655 603 acatholica;
1692 576 1743 580 —

115 622 162 664 3⁰
209 619 292 673 Qui·
333 620 515 663 scienter
557 620 691 677 quoad
737 624 957 677 sequentes
1000 622 1333 663 circumstantias
1376 623 1412 675 a)
1457 620 1608 663 liberos
1650 634 1746 664 suos

119 690 162 748 b)
196 690 445 734 acatholicis
479 691 690 733 ministris
722 690 898 734 alicuius
929 694 1080 743 sectae,
1113 690 1322 748 falsaeque
1357 691 1580 747 religionis,
1605 693 1644 746 c)
1678 691 1745 733 ba-

117 762 356 820 putandos,
379 776 450 805 seu
485 765 523 804 in
559 761 668 805 hunc
703 762 824 804 tinem
860 760 1012 818 offerre
1040 762 1458 819 praesuinwit,quod
1495 767 1746 818 postremum

126 849 145 873 ((
168 832 341 876 verbum
367 832 530 889 plenam
556 834 835 888 cognitionem
860 844 907 875 ac
933 831 1275 875 deliberationem
1302 834 1468 888 exigit»
1497 833 1601 886 (can.
1622 832 1746 887 2229,

120 904 146 961 ξ
180 903 223 961 2)
258 904 360 960 legis
392 916 440 947 ac
473 915 631 960 poenae
664 903 714 946 ad
751 902 1044 945 incurrendam
1091 916 1324 957 censuram,
1359 916 1438 945 non
1473 904 1522 946 ad
1557 903 1747 946 effectum

121 980 392 1033 sequuturum
427 987 475 1017 ex
511 976 536 1028 ἓ
569 974 617 1029 2;
654 999 704 1004 —
742 976 788 1015 4⁰
823 972 1041 1024 Parentes,
1065 978 1107 1016 ut
1143 976 1179 1016 in
1214 974 1273 1016 n.O
1308 986 1445 1030 praec.
1481 976 1651 1017 maritus
1688 974 1748 1017 rel

122 1060 240 1101 uxor,
274 1045 336 1088 υθί
365 1050 588 1103 parentum
624 1044 757 1087 locum
795 1049 993 1100 tenentes,
1018 1049 1061 1087 ut
1093 1056 1208 1099 arus,
1240 1049 1364 1099 tutor,
1389 1044 1452 1087 vel
1487 1045 1594 1101 apud
1628 1057 1749 1101 quem

123 1117 380 1171 reliquerunt
423 1116 477 1159 illi
524 1118 735 1172 proprium
783 1114 929 1169 tilium,
964 1115 1036 1172 qui
1071 1114 1111 1172 a)
1147 1114 1298 1158 liberos
1342 1120 1529 1171 respectu
1568 1130 1588 1155 «
1613 1127 1755 1172 paren·

123 1194 253 1231 tum»
293 1187 454 1230 illorum
490 1185 534 1243 b)
571 1186 613 1229 in
648 1185 855 1243 reliyioiie
901 1184 1137 1228 aesttliolica
1181 1198 1444 1242 quacumque
1487 1198 1534 1229 ac
1577 1187 1754 1241 positivo

125 1257 246 1309 modo
279 1263 318 1314 c)
352 1255 591 1300 educandos
622 1256 757 1313 quoad
805 1268 965 1298 morum
1012 1256 1343 1298 informationem
1381 1254 1441 1297 rel
1473 1254 1754 1298 instituendos

124 1328 259 1386 quoad
294 1327 591 1384 intelligentiae
624 1327 854 1370 doctrinam
887 1325 931 1383 d)
955 1326 1136 1369 scienter
1170 1325 1369 1376 traditum
1400 1326 1470 1369 sed
1505 1326 1752 1370 adverbium

126 1398 437 1455 intelligendum
473 1398 523 1441 de
559 1397 638 1440 illis
670 1399 994 1441 circumstantiis
1031 1396 1107 1440 sub
1141 1398 1184 1452 a)
1218 1395 1257 1452 b)
1291 1401 1329 1439 et
1363 1397 1399 1452 c)
1434 1402 1518 1439 tum
1564 1402 1752 1453 respectu

126 1470 165 1526 ξ
200 1469 276 1524 2⁸⁰,
307 1474 395 1512 tum
428 1469 563 1527 quoad
602 1481 773 1525 poenam
806 1467 1113 1522 incurrendam,
1151 1481 1222 1523 pro
1257 1466 1334 1510 hac
1370 1481 1469 1510 vero
1503 1471 1660 1510 tantum
1696 1469 1753 1509 in-

127 1553 253 1596 super
276 1539 375 1583 illud
406 1556 427 1581 c<
448 1538 623 1583 verbum
649 1538 811 1595 plenam
836 1540 1118 1595 cognitionem
1142 1551 1189 1581 ac
1213 1537 1554 1581 deliberationem
1579 1540 1705 1593 exigit
1730 1553 1749 1578 ))

129 1611 236 1668 (can.
273 1610 398 1665 2229,
432 1610 460 1668 ἓ
494 1609 536 1667 2)
573 1610 674 1666 legis
707 1622 754 1652 ac
791 1622 959 1665 poenae.

246 1681 424 1724 Additur
468 1679 659 1723 notabilis
694 1680 723 1737 ξ
756 1679 793 1724 2.
828 1678 866 1722 li
908 1679 958 1722 de
999 1678 1146 1737 quibus
1179 1678 1222 1721 iii
1263 1678 1291 1736 ξ
1340 1678 1376 1732 l,
1407 1693 1474 1721 iiii.
1509 1681 1603 1729 2-4,
1639 1683 1757 1735 prout

129 1752 282 1796 ibidem
315 1750 511 1795 declarati
549 1756 729 1803 manent,
754 1756 851 1793 sunt
882 1756 1121 1808 praeterea,
1153 1750 1279 1793 idest:
1316 1762 1394 1792 non
1428 1749 1558 1792 solum
1594 1751 1758 1806 proprie

129 1821 429 1880 delinquentes,
454 1827 497 1865 ut
526 1834 667 1877 supra,
691 1822 762 1864 sed
798 1821 982 1878 suspecti
1014 1820 1064 1864 de
1097 1819 1264 1863 haeresi
1296 1824 1438 1863 contra
1472 1822 1757 1863 necessitatem

130 1894 392 1949 professionis
415 1891 628 1949 religionis
650 1891 879 1935 catholicae
902 1892 952 1935 ad
978 1899 1187 1935 aeternam
1214 1890 1388 1934 salutem
1407 1890 1756 1947 consequendam.

132 1964 181 2007 lis
214 1976 313 2020 ergo
345 1962 617 2020 applicandus
650 1968 710 2006 est
743 1975 834 2006 can.
870 1962 997 2006 2315.

767 2164 1003 2202 TITULUS
1034 2165 1123 2202 XII.

546 2260 611 2301 De
644 2259 828 2302 delictis
859 2260 1022 2302 contra
1056 2258 1349 2311 religionem.

179 2397 263 2434 cm.
289 2398 392 2434 2320.
422 2419 438 2424 -
468 2397 535 2443 Qui
567 2398 697 2445 species
732 2410 913 2435 consecra-

987 2398 1039 2434 vel
1065 2409 1142 2434 eam
1177 2397 1350 2433 celebrare
1377 2408 1447 2433 non
1476 2397 1597 2440 ieiuni,
1625 2408 1758 2443 suspen

132 2450 184 2481 tas
208 2445 377 2482 abiecerit
404 2446 455 2481 vel
481 2447 524 2482 ad
553 2446 682 2481 malum
720 2445 826 2482 finem
853 2445 912 2482 ab-

985 2446 1115 2481 dantur
1140 2456 1160 2480 a
1185 2445 1311 2481 Missae
1339 2445 1569 2480 celebratione
1603 2445 1646 2480 ad
1681 2449 1763 2479 tem-

132 2492 269 2529 duxerit
294 2499 355 2528 aut
380 2493 577 2534 retinuerit,
597 2498 648 2528 est
666 2498 847 2539 suspectus
871 2493 914 2529 de

134 2540 283 2581 haeresi;
302 2540 450 2575 incurrit
464 2540 501 2575 in
515 2540 912 2576 excommunicationem

136 2588 225 2623 latae
237 2588 431 2623 sententiae
445 2587 697 2634 specialissimo
716 2587 817 2624 modo
831 2586 912 2623 Sedi

135 2634 352 2681 Apostolicae
378 2639 614 2678 reservatam3
642 2639 694 2670 est
720 2634 795 2680 ipso
826 2635 915 2670 iacto

135 2682 290 2763 infafini&
310 2686 343 2717 et
361 2681 506 2717 clericus
534 2686 709 2728 praeterea
735 2686 786 2717 est
811 2681 914 2729 depo-

137 2740 204 2765 nen
234 2740 285 2764 us.

183 2775 268 2811 cm.
297 2775 401 2810 2321.
433 2796 449 2800 -
478 2774 680 2811 Sacerdotes
705 2775 763 2819 qui
795 2780 915 2811 contra

139 2822 350 2869 praescripta
387 2833 466 2857 can.
495 2821 576 2861 806,
605 2826 624 2865 ξ
653 2823 684 2863 l,
713 2821 781 2857 808
818 2833 914 2868 prae-

137 2870 351 2916 sumpserint
376 2868 518 2905 Missam
544 2869 662 2905 eodem
699 2871 754 2905 die
791 2869 916 2906 iterare

987 2505 1051 2538 pus
1088 2492 1132 2528 ab
1172 2490 1359 2528 Ordinatio
1396 2492 1588 2527 secundum
1626 2491 1762 2527 diversa

986 2551 1102 2576 rerum
1128 2539 1295 2575 adiuncta
1322 2539 1611 2585 praefiniendum.

1035 2586 1118 2623 CAN.
1145 2585 1249 2621 2322.
1281 2607 1297 2612 -
1330 2586 1381 2621 Ad
1414 2586 1572 2622 ordinem
1607 2586 1763 2621 sacerdo-

988 2634 1091 2670 talem
1119 2645 1190 2669 non
1218 2638 1419 2679 promotus:

1084 2680 1120 2715 1⁰
1147 2680 1182 2716 Si
1210 2680 1335 2716 Missae
1360 2679 1628 2716 celebrationem
1660 2679 1763 2714 simu-

987 2728 1109 2763 laverit
1126 2733 1185 2763 aut
1203 2728 1491 2763 sacramentalem
1506 2726 1760 2763 contessionem

985 2775 1165 2821 exceperit,
1177 2775 1572 2811 excommunicationem
1587 2774 1594 2808 i
1602 2784 1661 2820 pso
1676 2773 1764 2808 facto

985 2822 1172 2863 contrahit,
1201 2822 1340 2869 speciali
1381 2822 1480 2857 modo
1514 2820 1593 2857 Sedi
1625 2821 1766 2866 Aposto-

987 2870 1073 2906 licae
1091 2874 1301 2905 reservatam
1317 2880 1324 2914 ;
1352 2873 1385 2905 et
1402 2869 1548 2914 insuper
1566 2867 1674 2904 laicus
1692 2867 1765 2913 qui-
