1981 3182
223 0 573 21 5¹1(;:v:3=7r·.3.yw-s-.n-w.-n
711 2 714 4 v

744 502 1190 589 INDEX

362 662 642 717 CANON
655 664 778 717 UM
826 665 928 717 ET
977 663 1576 721 COMMENTARII

949 822 1012 853 ’,τί

1590 1012 1667 1033 CAN.
1707 1010 1787 1032 PAO.

161 1057 379 1094 Bssmvom
405 1066 575 1093 LECTORI
635 1085 641 1090 .
745 1086 749 1090 .
854 1085 860 1092 .
966 1087 971 1092 .
1077 1088 1081 1093 .
1187 1088 1193 1093 .
1297 1088 1304 1095 .
1408 1090 1413 1097 .
1517 1089 1523 1095 .
1763 1071 1788 1097 v

736 1261 920 1301 LIBER
954 1260 1219 1311 QUINTUS

650 1359 730 1408 De
768 1358 971 1408 delictis
1009 1368 1063 1408 et
1100 1361 1298 1420 poenis.

803 1525 938 1564 PARS
970 1527 1152 1564 PRIMA.

758 1603 799 1646 D
815 1619 840 1646 e
891 1604 932 1646 D
947 1618 973 1646 e
988 1605 1003 1646 l
1017 1604 1032 1646 i
1045 1618 1071 1646 e
1085 1605 1136 1646 ti
1153 1618 1177 1646 s
1190 1635 1201 1646 .

859 1742 1045 1779 'l'lTULL'S
1072 1743 1096 1778 l.

567 1816 622 1849 De
651 1817 795 1850 natura
823 1815 958 1849 delicti
988 1815 1163 1856 eiusque
1190 1815 1400 1850 divisione.

167 1908 344 1944 Canones
370 1911 571 1944 2195-2198
640 1940 645 1945 .
751 1938 755 1944 .
861 1939 866 1943 .
972 1939 976 1944 .
1082 1940 1088 1945 .
1191 1938 1197 1945 .
1302 1939 1308 1945 .
1413 1940 1418 1945 .
1524 1942 1528 1946 .
1775 1915 1792 1947 1

168 1967 277 2002 Libri
303 1973 344 2003 et
370 1969 502 2003 Partis
528 1970 759 2014 inscriptio.
1775 1987 1788 2002 ⁵>

168 2026 311 2061 Delicti
340 2028 451 2062 notio
1773 2032 1795 2064 ‘2

169 2085 342 2121 Actuum
368 2086 576 2122 diversitas
644 2115 651 2121 .
1774 2089 1796 2123 3

170 2145 300 2180 Partis
327 2145 368 2180 in
395 2146 536 2181 titulos
562 2147 705 2182 divisio
756 2174 764 2181 .
1775 2149 1796 2182 4

168 2204 380 2249 Inscriptio
407 2205 531 2239 tituli.
562 2226 605 2230 ———
632 2206 835 2241 Canonum
862 2206 953 2241 ordo
976 2234 980 2239 .
1086 2234 1091 2240 .
1195 2234 1200 2239 .
1306 2234 1312 2240 .
1416 2234 1422 2240 .
1526 2234 1533 2241 .
1777 2222 1790 2238 ι»

169 2262 315 2297 Delicti
343 2270 485 2297 natura
533 2291 539 2297 .
642 2292 649 2299 .
753 2293 760 2300 .
864 2293 870 2299 .
975 2293 980 2298 .
1085 2293 1090 2298 .
1196 2293 1202 2299 .
1306 2292 1312 2298 .
1417 2293 1423 2299 .
1528 2293 1534 2299 .
1586 2266 1679 2300 2195
1776 2266 1797 2300 5

170 2321 352 2364 Qualitas
379 2323 513 2357 delicti
540 2328 580 2358 et
606 2325 810 2369 quantitas
864 2354 869 2358 .
975 2354 980 2358 .
1084 2352 1090 2358 .
1194 2352 1201 2358 .
1305 2352 1311 2358 .
1416 2352 1423 2358 .
1526 2353 1532 2359 .
1586 2325 1679 2360 2196
1776 2325 1797 2359 6

170 2381 370 2416 Delictum
397 2383 610 2426 occultum,
639 2383 839 2428 publicum
867 2389 906 2417 et
934 2384 1132 2418 notorium
1198 2412 1204 2417 .
1308 2412 1314 2418 .
1419 2412 1425 2417 .
1529 2412 1536 2419 .
1588 2384 1679 2419 2197
1776 2384 1796 2418 7

171 2440 415 2475 Delictorum
443 2443 664 2487 persecutio
756 2471 762 2476 .
866 2471 872 2477 .
978 2470 983 2476 .
1087 2470 1094 2476 .
1198 2470 1204 2476 .
1309 2471 1315 2478 .
1420 2473 1425 2479 .
1529 2471 1542 2493 ·,
1588 2444 1681 2478 2198
1756 2443 1800 2477 10

859 2573 1044 2609 'l'lTULUS
1074 2573 1112 2608 ll.

335 2643 391 2677 De
421 2643 739 2685 imputabilitate
766 2644 913 2686 delicti,
943 2645 993 2679 de
1019 2645 1160 2679 causis
1191 2644 1299 2678 illam
1329 2644 1647 2686 aggravantibus

412 2702 470 2736 vel
502 2702 784 2737 minuentibus
811 2706 850 2738 et
876 2704 925 2738 de
955 2704 1137 2738 iuridicis
1169 2703 1303 2738 delicti
1337 2703 1565 2738 effectibus.

175 2795 352 2830 Oanones
377 2797 574 2832 2199221]
648 2825 656 2832 .
759 2825 766 2833 .
870 2827 877 2834 .
980 2828 987 2835 .
1089 2825 1097 2833 .
1200 2825 1206 2833 .
1310 2825 1317 2833 .
1421 2825 1428 2833 .
1531 2825 1538 2832 .
1758 2799 1802 2831 12

175 2853 360 2889 Schema:
390 2856 550 2891 Titulus
575 2858 627 2892 11.
656 2858 712 2892 De
738 2858 1091 2903 imputabilitate...
1121 2863 1195 2892 etc.
1311 2885 1316 2890 .
1423 2884 1429 2890 .
1533 2883 1540 2891 .
1758 2856 1802 2890 13

175 2913 387 2959 Inscriptio
414 2915 527 2950 tituli
553 2921 593 2951 et
618 2928 811 2952 canonum
843 2917 1098 2952 coordinatio.
1201 2943 1208 2951 .
1312 2945 1317 2950 .
1421 2942 1428 2950 .
1532 2943 1539 2949 .
1759 2916 1801 2949 14
