1981 3182
1451 0 1472 11 'c
1485 0 1543 17 ’,νζῖι-
1550 0 1600 14 *r
1607 0 1981 135 Ἥ,

1805 26 1808 30 .
1823 37 1826 39 “
1886 43 1888 46 ,
1915 38 1927 45 μ

1979 164 1981 176 ι

197 174 264 207 139
661 173 744 207 Liss.
771 173 815 206 V.
845 193 859 198 -
885 173 994 207 PARS
1020 174 1071 207 Π.
1101 194 1112 199 -
1139 174 1195 209 De
1216 178 1352 219 poenis
1606 175 1699 211 Can.
1725 176 1819 211 2259

195 292 354 336 sublata
390 292 625 349 prohibitio,
649 293 718 335 sed
755 293 856 335 haec
882 298 1065 336 remanet
1089 293 1136 336 ad
1175 307 1360 336 normam
1387 296 1487 337 iuris
1522 296 1820 351 praecedentis,

195 369 397 421 quatenus
432 362 630 420 implicita
665 370 723 406 est
759 366 796 406 in
832 363 874 416 ξω
907 367 1119 421 sequenti,
1155 364 1196 420 b)
1234 379 1311 407 11011
1359 370 1493 408 tamen
1534 381 1555 406 α
1578 370 1689 409 caret
1734 369 1822 410 iure

191 435 453 478 assistendi»
489 434 805 492 praedicationi
839 433 949 476 verbi
986 434 1073 487 Dei,
1113 438 1305 492 quamvis
1340 438 1443 478 intra
1489 435 1702 479 Missarum
1743 437 1821 480 sol·

194 505 344 548 lemnia
370 506 499 561 tieret,
535 511 739 563 quatenus
762 504 812 548 ab
845 505 908 548 his
940 506 1160 549 audiendis
1192 520 1269 549 non
1297 505 1578 562 prohibeatur.
1601 506 1822 552 Concessio

194 576 260 619 illa
294 578 438 620 nititur
470 589 559 633 cap.
595 576 649 619 43
704 592 723 616 ((
745 576 799 619 de
840 579 1042 620 sententia
1077 579 1564 622 excommunicationis...
1588 593 1609 618 ))
1648 577 1712 635 (V,
1747 579 1819 636 39)

192 647 261 691 ubi
296 647 434 691 lnnoc.
469 647 518 689 lll
554 649 608 690 ait
643 646 872 692 Ferrarien.
907 646 1132 704 Episcopo:
1174 663 1192 688 «
1217 648 1428 704 Responso
1467 653 1606 691 nostro
1641 650 1821 705 postulas

190 719 370 773 edoceri,
395 732 445 762 an
480 732 573 762 cuin
609 718 767 762 Ferrar.
803 721 917 761 cives
950 721 1393 762 excommunicationis
1426 724 1464 762 et
1499 719 1705 763 interdicti
1728 734 1819 764 sen-

190 792 328 833 tentiis
360 792 441 833 sint
475 790 601 846 ligati,
628 790 747 833 liceat
782 789 851 833 tibi
881 792 990 833 viros
1013 796 1052 833 et
1086 790 1280 833 mulieres
1307 789 1434 833 semel
1470 792 1506 833 in
1543 789 1818 844 hebdomada,

195 861 255 904 vel
292 863 329 903 in
366 874 518 907 mense,
544 861 652 917 apud
687 861 868 918 aliquam
904 860 1122 904 ecclesiam
1148 874 1397 914 convocare,
1420 860 1572 919 quibus
1605 863 1819 918 praedices

193 931 366 975 verbum
402 931 489 985 Dei,
524 937 563 974 et
606 932 772 975 eosdem
808 932 858 976 ad
893 934 1193 975 correctionem
1239 932 1422 975 inducas.
1457 932 1589 989 Super
1631 946 1712 990 quo
1756 947 1818 976 re·

186 1004 454 1060 spondemus,
480 1003 588 1059 quod
621 1006 709 1046 sine
731 1003 927 1058 scrupulo
951 1005 1228 1046 conscientiae
1262 1003 1339 1046 hoc
1364 1004 1500 1046 facere
1534 1006 1700 1060 poteris,
1723 1017 1817 1048 cum

190 1074 346 1117 videris
379 1074 599 1130 expedire:
650 1074 876 1117 dummodo
909 1079 1050 1117 contra
1087 1075 1261 1117 t'ormam
1312 1074 1517 1117 interdicti
1568 1073 1725 1117 nullum
1760 1076 1819 1117 eis

185 1146 408 1203 (praecise)
442 1146 629 1188 divinum
666 1145 847 1188 officium
882 1144 1176 1188 celebretur».

310 1216 631 1277 Prohibitionem
665 1229 714 1259 ex
747 1218 774 1273 ᾗ
808 1215 851 1258 10
885 1221 1208 1273 consequentem
1248 1218 1414 1272 respicit
1447 1215 1524 1259 sub
1556 1217 1818 1259 distinctione

187 1287 343 1343 duplici
387 1287 487 1345 3²?
522 1286 574 1330 Si
614 1286 782 1344 passive
824 1286 952 1330 idest:
1005 1299 1116 1329 mera
1166 1289 1396 1342 praesentia
1431 1289 1623 1343 quamvis
1667 1287 1817 1330 devota

187 1360 364 1401 assistat
397 1360 435 1413 a)
460 1360 847 1417 excommunicatus
882 1357 1107 1408 toleratus,
1134 1359 1207 1400 etsi
1249 1373 1268 1397 ‹<
1294 1363 1380 1413 post
1415 1359 1660 1400 sententiam
1685 1357 1818 1401 decla·

188 1433 382 1473 ratoriam
421 1429 483 1473 vel
519 1429 964 1482 condemnatoriam»,
1000 1442 1078 1471 non
1113 1434 1173 1471 est
1209 1442 1372 1471 neeesse
1404 1433 1449 1471 itt
1481 1428 1735 1486 eoepellatur,
1757 1442 1820 1472 ce·

186 1504 285 1545 teris
318 1504 427 1544 enim
479 1500 671 1543 fidelibus
702 1500 946 1543 conceditur
994 1500 1084 1542 talis
1127 1502 1464 1553 communicatio,
1498 1512 1546 1542 ac
1587 1499 1815 1542 secundum

187 1575 254 1616 cit.
293 1573 607 1615 instructionem
651 1572 690 1615 S.
724 1570 891 1627 Congr,s
923 1571 972 1613 de
1010 1571 1047 1613 P.
1083 1570 1121 1612 F.
1157 1584 1204 1613 ex
1256 1569 1434 1626 benigna
1479 1572 1817 1626 interpretatione

187 1646 367 1700 practica
406 1656 525 1686 «nec
559 1655 580 1685 a
630 1642 814 1685 tidelium
849 1648 967 1684 coetu
1018 1640 1244 1697 repellitur.
1281 1653 1414 1698 neque
1461 1640 1574 1683 aditu
1617 1640 1817 1683 ecclesiae

188 1714 443 1771 prohibetur,
479 1727 554 1756 nec
587 1726 607 1755 a
644 1712 819 1768 publicis
853 1711 1045 1768 precibus
1079 1712 1373 1765 excluditur»,
1405 1724 1512 1768 quae
1547 1713 1685 1767 praxis
1718 1724 1814 1767 erga

186 1785 438 1830 acatholicos
471 1790 686 1837 servatur,
724 1783 762 1838 b)
797 1784 833 1826 si
868 1783 1064 1826 vitandus
1102 1785 1305 1839 «passive
1339 1785 1557 1833 assistat»,
1596 1796 1689 1825 cum
1726 1782 1817 1825 talis

185 1857 349 1901 dicatur
384 1861 571 1912 respectu
603 1855 800 1910 lidelium,
826 1854 1098 1912 expellendus
1121 1860 1195 1905 est,
1221 1867 1314 1897 nam
1351 1857 1463 1897 iuxta
1498 1853 1814 1910 praecedentem

187 1927 447 1984 disciplinam
495 1926 692 1983 implicite
736 1925 801 1969 hic
835 1930 1069 1969 contentam
1114 1928 1340 1968 sustinetur
1389 1938 1461 1980 pro
1494 1924 1641 1967 eodem
1675 1923 1814 1966 huius-

186 1999 295 2042 modi
330 2000 587 2041 assistentiae
621 1996 856 2053 prohibitio,
892 1996 987 2039 hinc
1023 1998 1286 2053 prosequitur
1308 2008 1459 2039 canon:
1484 2001 1572 2048 aiil,
1595 1995 1632 2037 si
1660 1994 1816 2052 eoepelli

184 2074 363 2126 iieqiieat
401 2081 667 2126 quocumque
692 2070 862 2120 motivo,
888 2081 926 2111 v.
951 2081 1012 2123 gr.
1037 2069 1132 2124 quia
1168 2079 1341 2123 persona
1377 2065 1556 2122 publica,
1580 2065 1631 2109 01)
1660 2065 1813 2108 malum

184 2140 286 2183 alias
309 2152 567 2196 consemieiis
594 2139 823 2193 vitandum,
848 2139 896 2181 ab
931 2137 1061 2196 officio
1095 2140 1217 2180 etiam
1255 2140 1443 2194 incoepto
1468 2136 1712 2179 cessandum
1741 2141 1813 2180 est.

184 2210 405 2253 dezrnmotlo
439 2209 483 2252 ic]
515 2223 681 2267 quoque
715 2210 808 2266 fieri
837 2210 970 2267 possit
1005 2208 1095 2251 siiie
1138 2208 1262 2265 gyrari
1295 2208 1566 2258 iiieoiniiioa'o,
1599 2207 1708 2265 quod
1743 2220 1812 2250 ex-

185 2286 303 2335 taret,
337 2283 367 2323 si
397 2294 434 2322 v.
468 2294 529 2336 gr.
567 2280 703 2337 plures
737 2280 881 2323 iideles
915 2282 1181 2337 privarentur
1203 2280 1348 2321 audire
1383 2278 1560 2325 Missam,
1588 2277 1650 2321 vel
1675 2280 1707 2320 si
1733 2280 1811 2321 iam

185 2354 400 2408 incoeptus
433 2356 540 2394 esset
573 2364 703 2394 canon
738 2351 907 2405 Missae,
943 2377 994 2381 —
1021 2350 1069 2393 ab
1103 2350 1349 2393 assistentia
1385 2363 1477 2392 verro
1512 2349 1661 2397 aetii-a,
1691 2362 1726 2391 ν.
1751 2362 1810 2404 gr.

183 2423 397 2466 deserendi
432 2436 599 2466 cereum
636 2425 673 2465 in
710 2422 1056 2479 processionibus,
1086 2421 1219 2465 locum
1257 2421 1436 2464 habendi
1470 2423 1576 2463 inter
1608 2425 1811 2473 cantores,

185 2508 357 2551 nempe:
392 2508 498 2551 qaae
530 2493 719 2551 aliquam
752 2508 888 2536 secum
920 2493 1034 2551 ferat
1065 2492 1439 2550 partic-ipationem
1472 2491 1515 2534 iii
1539 2489 1812 2544 celebrandis,

184 2565 242 2622 (v.
278 2579 340 2621 gr.
376 2567 430 2607 uti
467 2565 595 2608 laicus
629 2565 841 2608 deservire
874 2565 1079 2607 sacriticio
1131 2563 1306 2619 Missae),
1343 2576 1420 2605 non
1455 2562 1585 2605 solum
1624 2561 1814 2604 videndis

188 2636 248 2679 vel
285 2636 517 2687 audiendis,
549 2635 706 2678 divinis
739 2635 898 2693 officiis,
922 2648 1028 2692 quae
1066 2647 1127 2677 «a
1161 2634 1258 2677 solis
1290 2634 1453 2677 clericis
1486 2634 1574 2676 lieri
1599 2636 1813 2690 queunt»,

183 2706 422 2764 repellatur
463 2720 639 2763 semper,
674 2709 769 2764 quia
814 2706 974 2750 facilius
1017 2711 1089 2760 est,
1123 2719 1203 2748 izoii
1248 2704 1381 2748 solum
1424 2705 1465 2760 a)
1501 2703 1708 2753 vitandas,
1742 2705 1810 2760 qui

183 2778 377 2822 exclusus
412 2779 483 2820 fuit
519 2778 570 2821 ab
604 2779 732 2821 altera
777 2792 941 2835 quoque
975 2779 1220 2829 assistentia,
1252 2776 1325 2819 sed
1366 2776 1494 2818 etiam
1536 2774 1708 2832 quilibet
1741 2788 1810 2816 ex-

184 2851 516 2892 communicatus
547 2862 567 2891 a
604 2852 690 2891 iure
728 2849 789 2892 vel
825 2848 876 2892 ab
920 2849 1085 2891 homine
1122 2847 1161 2904 b)
1193 2853 1286 2905 post
1329 2846 1578 2889 sententiam
1617 2844 1808 2888 declara-

184 2919 338 2963 toriam
371 2919 434 2962 iel
465 2919 850 2963 6011(Ιθηιηαίονίαηι
884 2920 932 2962 ad
978 2932 1067 2962 can.
1104 2919 1215 2961 2258
1249 2918 1490 2974 explicatas,
1523 2916 1562 2973 c)
1599 2922 1672 2958 aiil
1705 2915 1809 2958 alio—
