1981 3182
117 127 214 164 Can.
239 125 335 161 2253
530 126 616 160 Tl'r.
645 126 752 159 VIII.
773 146 786 151 -
804 126 861 160 De
880 129 1017 170 poenis
1044 127 1344 161 medicinalibus
1682 123 1749 157 113

121 259 211 290 rum
242 250 379 303 potest
411 245 715 288 absolutionem
748 245 853 288 hanc
888 245 1124 298 concedere,
1147 245 1315 287 etiamsi
1346 258 1443 286 reus
1477 257 1556 287 non
1589 246 1639 286 sit
1664 246 1741 286 iam

118 319 157 360 ei
188 315 378 360 subditus
410 330 458 359 eo
490 316 600 373 quod
635 315 721 358 alio
745 314 1003 358 (lonn'eil‘imn
1030 314 1090 356 rel
1113 314 1515 371 qnasi-domicilium
1554 330 1573 354 <t
1597 314 1747 357 disces-

118 389 233 431 sione
264 399 287 429 a
321 388 447 442 priori
483 386 571 429 loco
606 400 700 429 cum
735 388 873 428 animo
908 398 985 427 non
1032 385 1309 428 revertendi»
1349 385 1457 442 (can.
1483 384 1556 441 95)
1606 390 1744 426 trans-

119 456 267 500 (ulerit
299 457 350 499 ad
385 469 574 499 normam
607 469 697 500 can.
733 457 802 499 92.

146 580 149 581 ⁷
234 526 299 571 3.⁰
332 527 362 569 A
397 540 575 569 censura
608 540 632 568 a
656 526 750 568 iure
772 531 989 568 reservata
1016 528 1128 568 iuxta
1149 526 1433 568 diversitatem
1461 528 1497 568 in
1523 538 1610 568 can.
1634 525 1745 568 2245

119 597 390 651 declaratam,
429 612 449 638 (ι
475 601 643 653 possunt
676 596 895 639 absolvere
920 611 938 637 J)
970 595 1042 638 ille
1064 595 1104 652 a)
1125 596 1195 652 qui
1218 597 1352 638 terens
1375 595 1508 651 legem
1528 609 1747 638 censuram

116 667 353 721 constituit,
384 670 474 710 sive
508 664 760 711 Ordinarins
782 670 847 720 sit,
868 669 957 709 sive
981 665 1226 720 Concilium,
1244 669 1332 709 sive
1352 666 1585 722 Apostolica
1606 667 1746 720 Sedes,

119 741 216 797 quia
249 737 478 782 secundum
512 750 601 794 cap.
642 738 656 779 1
693 737 786 780 «de
813 737 967 793 regulis
992 739 1129 780 iuris»
1160 736 1222 791 Ν,
1248 736 1321 792 41)
1356 736 1414 779 X:
1455 734 1645 779 «Omnis
1685 750 1748 779 res

122 823 194 866 per
224 821 509 867 quascumque
533 820 678 851 causas
702 810 899 861 nascitur,
925 821 995 864 per
1019 808 1183 851 easdem
1210 807 1451 850 dissolvitur
1473 823 1512 859 »‚
1537 806 1596 849 rel
1621 806 1662 863 b)
1683 807 1750 849 eui

121 883 234 924 iuxta
268 878 530 936 hypothesim
564 884 782 921 reservata
817 884 877 920 es!
911 892 1106 934 expresse
1140 889 1316 920 censura
1351 879 1390 919 in
1428 877 1517 933 lege
1553 877 1617 919 illa
1655 890 1747 932 poe-

122 951 218 1005 nali,
251 955 294 994 ut
328 955 449 1007 patet.
483 963 710 1006 eorumque
741 949 998 1005 singulorum
1033 948 1072 1005 c)
1106 962 1365 991 successores
1400 950 1437 990 in
1463 948 1608 990 eadem
1634 947 1751 990 alter-

123 1024 254 1066 utrius
288 1025 504 1078 potestate,
537 1033 628 1063 nam
665 1026 722 1063 est
760 1035 843 1077 reg.
881 1023 980 1063 iuris
1014 1020 1066 1062 46
1103 1022 1140 1061 in
1178 1020 1249 1062 tls‘:
1290 1035 1309 1059 «
1335 1019 1383 1072 ls,
1417 1021 1485 1076 qui
1513 1020 1549 1060 in
1577 1021 1638 1061 ius
1660 1032 1750 1062 suc-

120 1093 232 1137 cedit
263 1092 444 1145 alterius,
480 1105 529 1134 eo
565 1094 665 1143 iure,
700 1104 781 1148 quo
817 1091 896 1141 ille,
933 1094 987 1133 nti
1023 1090 1188 1133 debebit
1213 1106 1254 1135 n.
1290 1095 1329 1132 et
1363 1092 1400 1132 in
1436 1102 1524 1145 cap.
1561 1102 1628 1131 un.
1658 1105 1676 1129 (ι
1701 1089 1751 1132 (le

123 1165 356 1207 maioritate
388 1167 427 1205 et
460 1162 694 1205 obedientia
719 1178 741 1201 ))
781 1162 828 1218 (l,
867 1162 935 1217 17)
973 1160 1003 1203 X
1039 1162 1209 1203 dicitnr:
1249 1177 1270 1200 «
1294 1159 1525 1216 Episcopali
1550 1160 1656 1202 Sede
1685 1172 1751 1202 va-

122 1239 255 1285 cante,
291 1238 421 1290 potest
453 1232 703 1289 Capitulum,
738 1246 809 1275 seu
847 1235 878 1275 is
911 1232 959 1275 ad
987 1246 1108 1289 quem
1134 1231 1380 1286 episcopalis
1405 1231 1633 1273 iurisdictio
1658 1235 1752 1273 tnnc

125 1306 321 1361 temporis
354 1306 538 1346 noscitur
574 1305 796 1359 pertinere,
831 1304 891 1355 iis,
925 1302 1075 1359 quilius
1111 1306 1243 1357 posset
1269 1300 1498 1356 Episcopus
1521 1303 1551 1342 si
1579 1302 1754 1352 viveret,

123 1375 175 1419 ab
207 1376 653 1419 excommunicationis
686 1376 904 1422 sententia,
938 1377 1026 1415 sire
1062 1375 1161 1415 iuris
1194 1374 1281 1414 sixe
1315 1371 1493 1414 hominis
1528 1372 1662 1422 fuerit,
1687 1369 1753 1413 ab·

122 1446 338 1490 solutionis
374 1445 619 1489 beneticium
657 1446 872 1501 impertiri.
908 1443 990 1486 Nisi
1027 1446 1061 1486 ei
1089 1445 1208 1485 fuerit
1234 1456 1253 1485 a
1279 1442 1383 1486 Sede
1409 1441 1641 1498 Apostolica
1666 1455 1752 1497 spe-

122 1517 282 1561 cialiter
317 1516 533 1559 interdicta
571 1521 748 1572 potestas
772 1532 811 1558 »z
847 1521 920 1557 aa!
954 1515 997 1571 d)
1033 1519 1307 1571 eompelenles
1341 1513 1475 1570 ‹pioad
1518 1512 1622 1555 lianc
1666 1526 1750 1554 rem

125 1591 163 1631 in
214 1588 510 1631 iurisdictionis
559 1586 806 1642 hierarchia
859 1585 1119 1643 Superiores,
1169 1590 1241 1625 ‘inl
1291 1583 1328 1640 e)
1370 1583 1628 1639 singulorum
1677 1582 1753 1625 sul)

126 1664 279 1716 praec-,³
313 1659 458 1702 litteris
490 1657 689 1713 cleleqali,
723 1660 832 1699 iuxta
870 1671 952 1713 reg.
989 1658 1042 1697 68
1069 1658 1167 1698 iuris
1193 1657 1229 1697 in
1267 1656 1323 1697 6⁰:
1364 1670 1385 1694 «
1411 1654 1543 1696 l'otest
1568 1655 1659 1710 quis
1684 1666 1754 1709 per

123 1730 265 1780 alium,
302 1729 411 1787 quod
449 1734 579 1784 potest
614 1730 750 1771 tacere
786 1742 857 1784 per
891 1730 1069 1782 seipsum
1096 1742 1134 1767 ».

244 1799 359 1843 Hanc
394 1814 579 1842 normam
606 1799 819 1855 applicans
842 1798 1054 1853 subiungit
1079 1810 1233 1839 canon:
1274 1794 1416 1848 Quare
1439 1809 1462 1836 (ι
1488 1807 1664 1836 censura
1686 1807 1756 1849 per

123 1870 318 1915 Codicem
353 1870 534 1913 aliamxe
570 1870 702 1925 legem
738 1869 1064 1912 ecclesiasticam
1100 1868 1140 1923 a)
1178 1871 1392 1908 reservam
1427 1867 1610 1907 taxatixe
1654 1863 1753 1921 Epi-

125 1956 248 1999 scopo
282 1940 343 1984 vel
381 1940 631 1994 Ordinario,
666 1942 899 1997 promiscue
935 1938 1201 1993 intelligendo
1240 1936 1428 1990 verbum,
1463 1934 1635 1991 quilibet
1684 1933 1755 1977 Or-

125 2012 323 2057 dinarius
368 2012 443 2055 loci
488 2012 549 2055 vel
600 2014 797 2068 Superior
848 2013 978 2053 maior
1028 2010 1238 2065 religionis
1287 2006 1490 2050 clericalis
1539 2010 1756 2061 exemptae

127 2083 236 2139 (can.
276 2084 368 2134 198,
404 2086 428 2137 ἓ
462 2083 504 2139 1)
539 2082 751 2125 absolvere
782 2086 918 2139 poles!
961 2082 1136 2123 seriatis
1180 2078 1400 2121 servandis
1442 2090 1538 2119 suos
1582 2088 1754 2119 censura

127 2154 344 2198 devinctos
375 2153 574 2208 subditos,
609 2156 698 2195 sive
733 2153 782 2195 ad
820 2164 1004 2195 normam
1042 2164 1130 2193 can.
1167 2150 1236 2201 94,
1268 2149 1322 2206 §g
1362 2149 1395 2202 l,
1434 2148 1469 2196 2
1497 2152 1663 2203 propter
1686 2146 1755 2188 do-

130 2225 345 2278 micilium,
382 2225 444 2268 rel
480 2223 892 2282 qnasi-domici!ium.
931 2222 991 2264 vel
1027 2221 1230 2264 actualem
1270 2222 1361 2275 vagi
1388 2220 1755 2261 commorationem

131 2298 234 2339 intra
268 2296 508 2349 dioecesim,
542 2297 631 2337 sive
666 2297 823 2337 ratione
860 2293 1086 2349 peisonalis
1118 2291 1401 2338 subiectionis,
1426 2303 1473 2332 eo
1496 2288 1605 2345 quod
1625 2301 1756 2330 canon

132 2369 394 2424 prosequitur
425 2365 502 2409 sul)
535 2365 820 2409 distinctione:
857 2363 937 2406 loci
972 2376 1063 2405 vero
1101 2360 1373 2413 Ordinarivs,
1410 2362 1533 2416 igitur
1575 2358 1625 2400 ad
1671 2371 1758 2400 nor-

133 2449 239 2480 mam
274 2450 362 2480 can.
398 2439 466 2479 cit.
500 2436 526 2493 ξ
561 2436 597 2485 2,
633 2436 760 2477 eliam
791 2433 1054 2492 pereqrinos,
1088 2445 1158 2474 seu
1196 2434 1234 2473 in
1277 2433 1444 2487 proprio
1489 2429 1597 2471 illius
1641 2429 1758 2470 terri-

133 2509 250 2561 torio,
289 2523 308 2548 «
331 2512 542 2550 versantes
575 2511 690 2549 extra
716 2505 972 2548 domicilium
1008 2509 1044 2546 et
1070 2505 1183 2560 quasi
1212 2500 1468 2544 domicilium
1490 2500 1597 2556 quod
1624 2498 1759 2541 adhuc

133 2580 307 2621 retinent
330 2593 352 2617 »
390 2577 469 2620 alio
505 2580 541 2619 in
578 2576 666 2619 loco
699 2579 805 2628 (cim.
830 2574 918 2630 91),
943 2587 990 2616 ex
1017 2574 1167 2630 quilius
1191 2571 1386 2614 clausulis
1410 2572 1569 2613 eruitur
1592 2582 1612 2611 a
1637 2581 1757 2610 sensu

133 2651 353 2703 contrario,
389 2662 466 2690 non
509 2660 625 2703 posse
659 2645 863 2703 quoslibet
914 2642 1159 2688 Ordinarios
1206 2641 1268 2684 vel
1315 2641 1497 2684 locorum
1543 2638 1759 2682 absolvere

131 2731 365 2772 censuram,
399 2732 505 2776 quae
540 2720 577 2760 in
603 2717 753 2761 Codice
783 2732 801 2755 (ι
826 2717 1035 2771 Superiori
1065 2715 1206 2755 maiori
1234 2712 1412 2767 religiosi
1439 2710 1753 2766 delinquentis»

135 2795 342 2832 reservata
379 2791 629 2838 luminatur,
662 2786 739 2829 sul)
773 2785 848 2828 hoc
882 2788 989 2827 enim
1027 2786 1191 2826 nomine
1225 2796 1299 2825 nec
1332 2779 1542 2825 Ordinarii
1592 2780 1761 2820 veniunt

135 2859 334 2913 locorum,
369 2873 442 2901 nec
476 2856 689 2902 Ordinarii
732 2856 906 2899 aliarum
944 2854 1204 2909 religionmn,
1238 2852 1347 2909 quod
1383 2865 1403 2894 e
1439 2850 1634 2892 memoria
1680 2860 1758 2889 non

218 2949 313 2977 BLAT
338 2965 355 2970 -
381 2948 504 2977 Comm.
536 2948 619 2975 Text.
650 2946 725 2974 Cod.
750 2943 821 2973 Iar.
849 2946 930 2972 Can.
1660 2937 1678 2964 8
