1981 3182
181 146 248 180 118
645 145 729 180 Lm.
757 145 801 179 V.
832 165 846 170 -
872 146 982 179 PARS
1008 146 1060 180 II.
1089 166 1102 171 -
1128 145 1184 180 De
1204 150 1342 190 poenis
1595 145 1689 181 Can.
1715 144 1809 180 2254

178 264 475 321 episcopalium
511 263 755 307 absolvendi
792 265 842 307 de
882 267 970 307 iure
1015 267 1279 320 participem:
1316 264 1353 307 3.
1390 264 1531 308 Utrum
1577 268 1806 321 generatim

177 336 354 378 sufficiat
379 349 571 378 recursus
590 336 638 378 ad
666 334 895 393 quemlibet
917 335 1175 378 sacerdotem
1202 335 1469 379 liabitualiter
1491 335 1806 392 subdelegatum

179 405 230 449 ab
262 403 486 449 Ordinario
521 407 569 449 ad
606 405 909 449 absolvendum
950 406 1001 449 ab
1026 406 1087 448 liis
1112 407 1329 462 papalibus
1355 409 1589 460 reservatis,
1615 420 1634 450 3
1660 406 1811 464 quibus

179 479 392 533 poenitens
426 478 550 520 fucrit
583 477 909 530 accidentaliter,
945 482 987 519 ut
1020 490 1157 533 supra,
1197 479 1233 518 vi
1270 477 1424 520 decreti
1460 477 1499 520 S.
1523 475 1659 522 Officii
1698 479 1808 521 1866

177 547 402 591 absolutus.
431 574 481 577 —
518 547 562 591 R.
598 548 648 591 ad
685 548 722 592 ἓ.
759 548 1032 595 Afflrmatiie,
1069 549 1176 590 facto
1215 547 1339 591 verbo
1373 562 1468 591 cum
1507 548 1638 591 Ssmo.
1673 548 1735 592 Ad
1771 549 1808 592 3.

182 617 397 674 Negative.
443 644 490 649 —
532 620 674 661 §smus
723 619 1015 662 resolutionem
1066 618 1261 661 Emorum
1308 631 1355 661 ac
1400 618 1599 662 Rmorum
1645 619 1810 662 Patrum

180 693 308 731 ratam
346 688 486 731 habuit
521 694 557 731 et
594 690 859 732 confirmarit
883 705 923 730 ».

299 759 470 802 Demum
506 760 557 802 de
596 762 825 803 «iniuncto
859 773 1027 802 onere»
1066 760 1234 802 additur
1284 759 1334 802 ll⁰
1368 765 1407 802 el
1442 760 1587 803 standi
1628 760 1718 803 eius
1759 760 1808 804 ad

177 843 297 885 quem
336 843 529 873 recursus
566 832 639 873 fuit
680 833 810 873 tactus
855 830 1081 872 venustatis.
1127 830 1240 874 Haec
1283 831 1483 874 clausula⁵
1526 832 1812 888 aequipollens

176 900 292 942 alteri
332 901 509 943 «standi
548 902 752 944 mandatis
785 901 1058 955 Ecclesiae»,
1097 902 1260 944 ridetur
1293 915 1341 944 ex
1378 906 1573 945 contextu
1609 916 1687 944 non
1723 915 1812 946 esse

177 971 320 1014 affecta
357 985 429 1028 per
462 975 632 1015 canonis
671 971 793 1015 verba
837 987 854 1011 «
879 971 956 1015 sub
991 985 1120 1028 poena
1157 973 1454 1016 reincidentiae
1477 988 1516 1027 »,
1543 977 1683 1029 utpote
1706 986 1812 1030 qnae

177 1043 391 1084 interiecta
429 1058 451 1082 ((
475 1045 587 1085 oneri
625 1042 866 1085 recurrendi
892 1057 913 1082 >)
954 1056 1025 1097 per
1052 1041 1175 1085 verba
1201 1042 1493 1099 subsequentia
1521 1043 1812 1099 determinato,

181 1114 387 1161 Attamen,
423 1127 517 1156 cum
555 1113 655 1156 baec
690 1116 792 1155 ratio
828 1127 892 1155 me
918 1126 995 1155 non
1021 1115 1256 1159 convincat,
1281 1128 1328 1156 eo
1351 1116 1481 1170 magis
1499 1114 1607 1171 quod
1631 1116 1812 1157 iniuncta

181 1184 232 1227 de
268 1186 356 1226 iure
392 1184 626 1240 inungenda
681 1197 752 1240 pro
797 1197 998 1227 censurae
1041 1183 1301 1227 absolutione
1345 1184 1482 1227 adhuc
1524 1184 1815 1227 desiderantur

182 1255 411 1297 secundum
448 1255 585 1297 datam
621 1257 1018 1310 interpretationem,
1056 1260 1151 1310 puto
1187 1268 1294 1297 nunc
1328 1254 1606 1298 adhibendam
1643 1269 1731 1298 esse
1756 1258 1815 1297 in-

180 1327 491 1381 terpretationis
538 1338 724 1367 normam
777 1325 1014 1381 generalem
1061 1338 1149 1368 can.
1188 1326 1210 1367 6
1246 1339 1282 1367 n.
1319 1325 1376 1368 40:
1417 1342 1434 1365 <‹
1461 1326 1503 1368 In
1547 1325 1674 1369 dubio
1715 1339 1813 1368 num

181 1395 347 1452 aliquod
383 1408 587 1438 canonum
626 1397 926 1451 praescriptum
963 1409 1055 1438 cum
1096 1397 1224 1438 veteri
1260 1398 1346 1438 iure
1381 1395 1601 1451 discrepet.
1626 1408 1646 1437 a
1685 1397 1812 1438 veteri

182 1468 269 1509 iure
304 1480 381 1508 non
418 1471 478 1509 cst
513 1466 792 1509 recedendum
820 1481 860 1507 ›>.
899 1466 1021 1508 l'orro
1057 1469 1094 1508 in
1131 1465 1278 1508 litteris
1311 1466 1348 1508 S.
1373 1465 1415 1509 C.
1440 1466 1476 1508 S.
1503 1463 1638 1509 Officii
1666 1467 1675 1487 ¹
1702 1468 1812 1509 circa

178 1537 405 1580 clausulam
442 1542 569 1579 const.
596 1536 863 1594 Apostolicae
886 1536 1006 1579 Sedis
1019 1550 1031 1580 .·
1069 1553 1090 1577 «
1115 1539 1151 1579 in
1178 1550 1258 1594 quo
1284 1542 1419 1579 tamen
1447 1537 1564 1579 tirma
1588 1539 1652 1589 sit,
1676 1536 1810 1593 quoad

176 1606 388 1650 absolutos
422 1610 474 1659 (in
511 1607 686 1650 articulo
722 1610 863 1649 mortis
887 1621 906 1649 a
933 1610 1121 1650 censuris
1144 1608 1315 1650 Summo
1343 1608 1525 1650 Pontifici
1553 1608 1810 1658 reservatis),

180 1676 376 1732 obligatio
410 1677 542 1720 standi
587 1677 791 1720 mandatis
835 1677 1058 1720 Ecclesiae.
1095 1679 1126 1720 si
1171 1677 1524 1730 convaluerint»,
1559 1678 1608 1720 ad
1654 1683 1811 1734 quaes.⁸

179 1764 201 1788 «
228 1748 262 1790 1.
288 1748 349 1791 An
384 1747 582 1804 obligatio
615 1748 749 1790 standi
788 1748 992 1790 mandatis
1028 1747 1251 1800 Ecclesiae,
1285 1761 1305 1791 3
1341 1747 1453 1790 Bulla
1488 1747 1643 1805 Apleae
1688 1746 1807 1790 Sedis

179 1821 384 1874 imposita,
417 1821 465 1861 sit
501 1819 576 1861 sub
613 1831 740 1873 poena
779 1819 1076 1861 reincidentiae
1113 1818 1172 1861 rel
1212 1832 1309 1861 non:
1346 1823 1381 1860 et
1420 1819 1456 1860 2.
1492 1818 1552 1861 An
1589 1818 1689 1861 baec
1714 1817 1812 1861 obli-

175 1892 284 1945 gatio
320 1890 427 1932 idem
462 1894 579 1932 sonet
612 1903 659 1932 ac
693 1889 890 1946 obligatio
924 1903 966 1931 se
1005 1890 1175 1932 sistendi
1221 1903 1360 1932 coram
1408 1891 1445 1932 S.
1484 1890 1690 1932 Pontitice.
1740 1889 1803 1932 vel

179 1973 227 2003 an
262 1959 312 2002 ab
349 1960 414 2002 illa
450 1959 599 2003 debeat
633 1960 856 2015 distingui:
884 1986 935 1990 —
962 1959 1007 2003 R.
1043 1960 1118 2002 Ad.
1160 1960 1192 2003 1.
1229 1960 1489 2003 Affirmatire
1523 1960 1573 2003 ad
1611 1962 1809 2016 primam;

177 2033 370 2086 negative
404 2031 452 2073 ad
489 2031 714 2073 secundam
752 2036 922 2087 partem.
961 2031 1021 2073 Ad
1066 2031 1102 2073 2.
1137 2028 1445 2086 Obligationcm
1493 2029 1652 2073 Slamli
1697 2044 1810 2072 man-

177 2101 290 2143 datis
327 2099 541 2143 Ecclesiae
575 2103 800 2157 importare
836 2115 938 2144 onus
971 2104 1060 2144 sire
1095 2115 1166 2157 per
1199 2115 1254 2145 sc.
1289 2104 1378 2144 sire
1404 2115 1475 2157 per
1498 2102 1811 2155 confessarium,

178 2173 417 2215 recurrendi
453 2172 503 2214 ad
539 2173 575 2215 S.
612 2172 868 2220 Pontiticem,
902 2175 1073 2229 eiusque
1108 2172 1292 2228 (notetur
1327 2172 1446 2223 bene>
1486 2172 1688 2214 mandatis
1712 2172 1808 2214 obe-

175 2242 313 2285 diendi
333 2258 370 2284 ».
393 2242 767 2285 Animadvertatur
785 2245 907 2285 etiam
930 2243 1039 2300 quod
1062 2245 1098 2285 in
1120 2243 1392 2298 exprimendo
1412 2243 1566 2299 duplici
1588 2242 1663 2285 lioc
1685 2255 1809 2284 onere

177 2326 273 2355 usus
306 2318 367 2355 est
402 2313 612 2368 legislator
645 2314 790 2356 eodem
829 2314 950 2356 modo
986 2313 1199 2369 redigendi
1235 2326 1321 2355 can.
1349 2313 1460 2355 2252
1496 2319 1533 2356 et
1569 2313 1743 2370 “mag
1769 2313 1806 2366 1,

178 2383 287 2440 quod
323 2384 542 2425 contirmat
577 2383 648 2425 lias
683 2384 979 2439 praecedentes
1012 2384 1315 2426 declarationes
1341 2386 1377 2425 in
1414 2386 1528 2439 praxi
1567 2383 1809 2426 servandas.

293 2455 330 2496 5.
366 2455 514 2509 Congr.
549 2454 585 2497 S.
623 2454 758 2497 Officii
783 2457 842 2498 sic
866 2454 1046 2510 complet
1069 2457 1154 2497 cit.S
1180 2461 1301 2510 resp.³
1325 2455 1373 2497 ad
1412 2455 1434 2497 2
1459 2459 1498 2497 et
1527 2454 1696 2496 alterins
1733 2452 1809 2496 De-

176 2526 276 2566 creti
311 2524 360 2566 ad
403 2525 445 2566 l:
486 2540 507 2565 «
536 2525 595 2567 rel
634 2538 784 2567 novam
819 2525 1120 2568 absolutionem
1158 2525 1321 2580 petendi
1357 2525 1407 2568 ab
1453 2525 1628 2568 habente
1680 2523 1806 2567 facul·

178 2599 302 2637 tatem
338 2594 581 2637 absolvendi
617 2608 636 2637 a
679 2598 865 2638 censuris
898 2598 936 2638 S.
975 2596 1157 2638 l'ontitici
1183 2595 1349 2651 speciali
1377 2595 1497 2638 modo
1524 2597 1807 2638 reservatis».

176 2664 292 2717 Quae
328 2667 533 2708 restrictio
570 2669 697 2720 posita
734 2671 807 2719 est,
842 2668 936 2722 quia
972 2667 1021 2708 ad
1074 2678 1213 2722 quaes.
1259 2682 1278 2706 ((
1305 2667 1342 2708 4.
1378 2666 1438 2708 An
1491 2668 1562 2708 ista
1613 2665 1809 2721 obligatio

176 2736 309 2777 standi
348 2736 553 2778 mandatis
589 2736 798 2779 Ecclesiae
833 2739 955 2780 etiam
993 2750 1065 2792 pro
1099 2739 1286 2779 censuris
1319 2738 1488 2779 Summo
1516 2737 1811 2779 l'ontiticisim-

295 2843 303 2863 ¹
337 2844 376 2874 lt)
405 2843 502 2886 Aug.
530 2842 632 2875 1891.
664 2842 914 2875 Collectanea
941 2842 977 2875 S.
1010 2842 1048 2876 C.
1077 2842 1121 2876 de
1151 2842 1193 2876 P.
1216 2842 1256 2875 F.
1281 2842 1430 2877 n.1764
1448 2846 1568 2886 atque
1584 2842 1623 2875 in
1640 2853 1677 2875 n.
1699 2841 1805 2880 1758,

176 2888 213 2921 S.
244 2890 283 2921 O.
315 2888 351 2922 S.
383 2887 510 2923 Officii
537 2889 582 2922 30
609 2889 723 2922 Mare.
758 2890 859 2932 1632,
889 2889 936 2922 ad
969 2890 1038 2922 1-4.
