1981 3182
0 0 553 97 fflwwwv
569 0 630 9 w-
641 0 657 3 «-
667 0 686 3 ,γ
695 0 705 3 ,Α
722 0 726 4 ,

2 81 27 107 ἰ.

8 118 13 125 t

153 155 246 191 Gan.
273 155 477 190 2377-2318
526 155 611 189 ΤιΤ.
640 155 767 190 XVII.
798 175 807 182 -
835 157 892 191 De
916 157 988 191 del.
1011 168 1042 191 6.
1063 158 1174 202 obliy.
1196 160 1285 192 stat.
1307 159 1395 193 6161.
1707 160 1776 194 295

156 275 422 317 monitionem
458 273 594 317 adhuc
628 278 856 330 perstantes
890 275 927 316 in
961 277 1195 325 omissione,
1222 275 1481 332 Ordi'iiarius
1505 277 1580 321 loci
1602 291 1680 333 pro
1703 292 1777 322 suo

151 343 354 402 prudenti
385 344 564 388 arbitrio
595 344 783 398 scilice13
820 356 949 400 poena
983 349 1042 387 est
1066 346 1381 389 indeterminata
1407 347 1514 404 (can.
1540 348 1667 403 2217,
1690 351 1715 403 g
1739 349 1776 401 1,

158 414 235 470 1⁰),
265 414 432 472 pumat,
471 414 642 458 verbum
677 415 843 472 quidem
881 418 1204 471 praeceptivum,
1240 417 1493 474 proindeque
1538 421 1649 462 iuxta
1683 432 1777 462 nor-

156 498 264 528 mam
299 498 388 528 can.
427 486 553 539 2223,
588 488 610 534 ξ
645 484 717 531 3⁰:
751 480 860 543 quod
881 485 919 527 si
949 484 1111 542 scierint
1134 487 1327 544 religiosi
1358 488 1611 546 confessarii
1634 503 1776 532 euram

155 556 396 599 (inimaricm
430 570 508 600 non
540 562 746 613 1161611163,
780 561 904 613 atque
938 558 993 599 uti
1036 557 1331 612 praescribitur
1374 561 1411 601 111
1447 572 1536 604 cau.
1571 562 1637 604 cit.
1679 560 1776 614 131,

153 627 183 686 ξ
216 626 287 670 30:
326 643 347 668 «
370 630 438 684 qui
475 627 710 671 facultatem
744 627 937 670 audiendi
963 628 1241 671 consessiones
1264 628 1315 672 ab
1339 627 1561 673 Ordiuario
1595 630 1779 674 obtinue-

154 703 261 753 runt,
296 700 328 741 si
362 698 526 742 collatio
560 701 598 740 in
648 711 790 741 eorum
835 697 1027 741 domibus
1062 712 1139 741 nou
1190 699 1448 752 habeatur»,
1484 700 1544 743 bis
1586 701 1778 745 omnibus

158 771 494 825 praesuppositis,
536 773 888 812 «contumaces»
926 782 994 811 eos
1027 768 1076 811 ab
1110 769 1334 812 aieiliendis
1367 771 1651 814 saecularium
1684 786 1776 814 con-

152 837 407 896 fessionibus
438 838 683 896 suspendat,
729 839 922 896 equidem
958 852 1005 882 ex
1045 845 1277 896 praecepto,
1311 854 1357 884 ac
1393 854 1521 897 poena
1556 847 1615 885 est
1648 842 1780 886 deter-

157 912 310 953 minata
344 909 453 967 (can.
490 910 617 962 2217,
658 908 686 966 ἓ
720 909 776 965 1).
812 909 940 965 Igitur
973 910 1020 953 ad
1059 923 1243 953 normam
1281 924 1370 954 can.
1406 912 1531 967 2223,
1565 913 1593 971 ξ
1627 912 1684 968 3⁰,
1722 913 1776 957 10.

156 979 294 1024 Codex
331 994 402 1037 per
436 981 543 1024 bunc
577 993 777 1024 canonem
814 983 939 1023 edicit
974 981 1231 1037 praedictum
1265 982 1461 1026 delictum
1498 985 1585 1026 iure
1619 987 1777 1027 censeri

154 1064 325 1107 gravem
370 1064 551 1105 causam,
585 1051 636 1094 de
669 1064 749 1109 qua
783 1054 923 1095 statuit
966 1065 1054 1095 cau.
1091 1054 1188 1107 880,
1221 1053 1248 1111 ξ
1283 1054 1319 1098 1.
1359 1053 1498 1097 «Loci
1531 1052 1779 1098 Ordinarius

156 1122 220 1165 vel
256 1122 453 1179 Superior
487 1122 703 1179 religiosus
752 1123 1078 1166 iurisdictionem
1115 1123 1177 1166 vet
1224 1123 1431 1167 licentiam
1466 1125 1514 1167 ad
1551 1124 1779 1168 audiendas

153 1194 432 1237 confessiones
465 1206 515 1237 116
550 1199 747 1237 revocent
782 1199 850 1237 aut
883 1195 1151 1250 suspendant,
1175 1197 1251 1237 nisi
1275 1208 1446 1251 gravem
1472 1195 1524 1239 ob
1547 1208 1713 1239 causam
1737 1211 1776 1237 )).

150 1263 234 1307 Nec
268 1263 474 1308 ullatenus
506 1267 687 1321 exempti
740 1264 919 1321 religiosi
954 1265 1005 1308 ab
1039 1266 1183 1308 eodem
1232 1268 1484 1322 praescripto
1517 1271 1611 1309 sunt
1645 1266 1778 1321 liberi,

152 1340 194 1378 ut
227 1340 337 1392 patet
369 1348 419 1378 ex
454 1348 544 1380 can.
580 1336 676 1389 874,
711 1338 735 1389 g
774 1336 839 1378 1¹.

270 1406 369 1449 221.
404 1408 616 1464 Propter
647 1419 852 1463 gravem
886 1409 1237 1464 negligentiam
1261 1410 1436 1453 rituum
1461 1412 1509 1454 et
1531 1422 1778 1454 caeremo-

154 1479 359 1523 niarum.
394 1503 443 1508 —
483 1477 573 1520 Post
600 1478 855 1535 sacerdotes
890 1477 1064 1521 clericos
1098 1480 1135 1521 iu
1170 1481 1298 1521 sacris
1325 1483 1488 1522 coercet
1520 1478 1675 1532 Codex,
1698 1477 1776 1522 sibi

150 1551 343 1591 constans
391 1553 580 1604 respectu
614 1554 717 1592 can⁸.
755 1539 871 1590 818ἑ
905 1553 1029 1606 atque
1062 1548 1170 1592 bunc
1218 1550 1526 1606 quodammodo
1574 1549 1777 1606 amplians

152 1631 224 1675 per
257 1633 346 1661 can.
380 1621 519 1662 2378.
564 1618 718 1661 Clerici
763 1619 955 1673 maiores,
999 1620 1313 1675 comprehensis
1356 1620 1662 1673 Sacerdotibus,
1706 1620 1777 1677 qui

152 1689 192 1731 in
227 1703 348 1733 sacro
384 1690 631 1745 ministerio,
665 1693 754 1733 sive
787 1690 928 1734 altaris
961 1691 1095 1748 quoad
1134 1694 1352 1734 missarum
1382 1691 1702 1735 celebrationem
1737 1696 1777 1734 et

148 1773 287 1804 sacras
321 1762 566 1813 functiones,
614 1764 702 1805 sive
752 1764 789 1804 in
840 1763 1197 1806 administratione
1245 1763 1607 1807 Sacramentorum
1641 1768 1679 1806 et
1713 1775 1774 1805 sa-

148 1831 480 1886 cramentalium,
514 1837 551 1875 et
587 1835 624 1875 iu
668 1835 797 1876 sacris
843 1832 1121 1876 functionibus
1154 1840 1271 1877 extra
1304 1833 1546 1889 Ecclesiam,
1586 1833 1694 1875 ritus
1737 1838 1776 1875 et

149 1902 443 1957 caerimonias,
479 1902 556 1946 hoc
590 1909 672 1946 est:
710 1904 907 1947 formulas
942 1917 1109 1960 precum
1146 1909 1183 1947 ct
1227 1907 1552 1948 concomitautcs
1594 1906 1776 1948 actiones

151 1975 189 2015 in
224 1972 336 2016 cultu
371 1973 549 2030 publico,
585 1973 633 2016 ab
677 1973 867 2017 Ecclesia
897 1975 1190 2032 praescriptas
1223 1989 1294 2031 per
1329 1975 1438 2031 leges
1482 1975 1695 2031 liturgicas
1737 1979 1775 2017 et

149 2043 317 2087 decreta
351 2044 390 2088 S.
424 2044 466 2089 C.
501 2044 667 2088 Rituum
703 2044 743 2101 a)
775 2045 966 2101 yrariier
1001 2045 1217 2101 iieqli'qtiizl
1252 2046 1403 2088 iudicio
1436 2043 1663 2099 Ordiuarii,
1688 2058 1775 2101 pro-

150 2119 240 2170 pler
274 2116 502 2169 materiam,
543 2116 814 2173 frequentiam
862 2119 1234 2172 transgressioiuim
1284 2116 1344 2159 vel
1388 2116 1628 2159 scandalum
1675 2116 1773 2159 tide-

152 2185 267 2240 lium,
302 2185 344 2243 b)
378 2192 417 2228 61
448 2186 598 2229 monili
630 2201 718 2230 sese
748 2201 828 2230 11611
874 2186 1201 2239 emendaverint,
1244 2187 1305 2230 liis
1350 2189 1673 2243 praesuppositis
1705 2201 1772 2229 su·

149 2256 426 2314 spemlaiilicr,
465 2258 571 2315 quod
620 2258 791 2302 verbum
827 2264 884 2301 est
932 2261 1258 2315 praeceptivum,
1300 2272 1377 2316 pro
1420 2257 1587 2301 diversa
1630 2263 1773 2300 reatus

145 2328 359 2385 yraritale
391 2329 653 2372 concorditer
685 2330 735 2373 ad
769 2342 858 2374 cau.
886 2330 1010 2381 2223„
1034 2330 1062 2388 ἓ
1095 2333 1139 2373 3⁰
1176 2329 1241 2373 ubi
1272 2346 1291 2370 «
1316 2332 1591 2373 conscientiae
1615 2334 1653 2372 et
1678 2342 1772 2385 pru-

149 2399 312 2443 dentiae
346 2401 494 2443 iudicis
530 2400 591 2443 vel
626 2400 859 2457 Superioris
892 2401 1301 2444 6611111111111111;...3Ο
1329 2401 1502 2444 Poenam
1528 2400 1774 2443 determina-

149 2475 229 2512 tam
265 2476 543 2528 temperare»
583 2505 590 2511 .

266 2625 275 2645 ¹
304 2623 393 2658 Can.
422 2624 504 2658 874.
542 2628 561 2666 ἓ
590 2625 619 2660 l.
655 2624 972 2659 Iurisdictionem
1008 2625 1226 2669 delegatam
1265 2624 1311 2658 ad
1346 2624 1589 2669 recipiendas
1624 2626 1771 2657 contes-

147 2670 277 2705 siones
304 2671 570 2715 quorumlibet
596 2672 680 2706 sive
707 2672 965 2706 saecularium
993 2673 1075 2706 sive
1114 2673 1390 2717 religiosorum
1416 2672 1567 2706 confert
1599 2671 1770 2705 sacerdo-

147 2717 255 2751 tibus
282 2722 366 2751 tum
392 2718 658 2752 saecularibus
687 2726 771 2752 tum
797 2720 995 2765 religiosis
1020 2720 1140 2753 etiam
1166 2720 1360 2764 exemptis
1379 2719 1609 2754 Ordinarius
1635 2718 1710 2752 loci
1730 2718 1769 2751 in

147 2775 226 2807 quo
253 2766 517 2800 contessiones
543 2766 809 2810 excipiuntur.

265 2812 278 2834 2
305 2812 396 2849 Can.
421 2813 503 2848 818.
521 2813 742 2858 Reprobata
768 2814 906 2858 quavis
941 2814 1137 2848 contraria
1168 2814 1468 2854 consuetudine,
1501 2812 1677 2847 sacerdos
1712 2823 1768 2846 ce-

147 2858 303 2893 lebrans
329 2866 508 2894 accurate
534 2872 577 2894 ac
604 2860 743 2894 devote
782 2868 911 2895 servet
938 2861 1112 2895 rubricas
1139 2873 1299 2895 suorum
1334 2861 1540 2895 ritualium
1567 2860 1766 2903 librorum,

146 2911 360 2952 caveatque
387 2918 434 2941 ne
461 2907 558 2941 alias
585 2908 846 2942 caeremonias
872 2916 941 2942 aut
968 2920 1099 2953 preces
1126 2909 1280 2953 proprio
1306 2909 1469 2943 arbitrio
1494 2908 1698 2952 adiungat,
