1981 3182
192 105 258 153 146
654 119 738 153 LIB.
772 120 812 153 V.
842 140 854 144 -
881 119 991 154 PARS
1016 120 1067 153 II.
1097 139 1110 146 -
1135 120 1192 155 De
1212 111 1350 165 poenis
1487 120 1580 156 Can.
1606 121 1812 156 2269-2270

191 249 210 279 a
246 237 351 280 Sede
384 236 856 297 Apostolicaemanata,
888 238 958 280 sed
1006 239 1129 280 etiam
1173 237 1224 281 ab
1257 235 1491 283 Ordinariis
1539 238 1812 296 promulgata,

192 308 412 350 mandante
445 309 652 364 episcopo,
676 320 697 350 a
722 307 982 364 regularibus
1017 310 1054 350 in
1089 322 1230 358 eorum
1266 309 1452 352 ecclesiis
1486 304 1814 366 promulgentur,

188 383 311 435 atque
344 382 564 421 serventur
585 394 625 419 ».
646 376 763 431 Quod
802 384 1055 434 postremum
1081 382 1118 421 in
1143 392 1301 423 canone
1333 379 1519 423 absolute
1552 379 1729 424 iubetur.
1754 380 1815 423 Ex

189 451 276 491 iure
310 453 446 491 autem
499 451 627 492 veteri
676 450 852 492 sulliciat
885 448 1011 493 Clem.
1048 450 1064 492 1
1109 466 1131 490 (c
1154 450 1205 493 de
1237 452 1439 493 sententia
1479 452 1814 494 excommunica-

188 522 321 572 tionis,
356 522 637 576 suspensionis
671 524 710 562 et
743 520 1012 576 interdicti»,
1046 533 1152 578 quae
1184 523 1366 563 continet
1397 520 1550 564 abusus
1588 524 1816 565 contrarios

188 595 226 633 et
259 593 460 633 rationem
496 592 752 647 praescripti.
786 591 865 634 Sic.
901 590 1027 634 Clem.
1056 590 1084 632 V
1110 594 1148 634 in
1172 590 1293 635 Cone.
1318 589 1565 636 Viennensi:
1605 608 1625 632 (ι
1649 591 1707 635 Ex
1742 593 1818 635 sre-

187 660 410 718 quentibus
444 661 724 704 Praelatorum
774 662 954 718 querelis
1001 664 1239 718 accepimus
1271 667 1310 705 et
1345 675 1416 705 nos
1451 664 1525 718 ipsi
1560 664 1816 718 experientia

189 737 299 775 certa
335 731 604 788 probavimus
628 734 665 774 in
693 732 921 775 minoribus
953 735 1176 785 constituti,
1211 733 1319 790 quod
1358 732 1601 790 plerumque
1636 732 1815 789 religiosi

191 816 299 845 nunc
335 807 520 859 patenter
553 802 889 846 excusationibus
923 804 1067 847 fucatis
1100 809 1137 847 et
1172 804 1329 847 frivolis
1362 806 1595 858 innitentes,
1619 817 1727 847 nuno
1761 803 1816 847 la-

190 878 323 917 tenter
365 873 635 917 ecclesiarum
680 887 848 917 suarum
894 876 1026 917 ianuis
1068 875 1300 930 perforatis,
1334 876 1474 918 autin
1509 876 1567 917 eis
1610 875 1728 918 sactis
1761 875 1816 917 t'e-

191 947 352 999 nestriS,
385 958 457 988 seu
493 945 625 987 modis
657 945 747 987 aliis
781 946 996 1001 exquisitis
1029 958 1106 988 non
1141 945 1298 1003 absque
1331 946 1482 989 damno
1515 945 1817 997 cathedralium

190 1021 227 1059 et
263 1016 561 1073 parochialium
602 1015 870 1059 eeclesiarum
907 1021 947 1059 et
979 1017 1174 1059 scandalo
1219 1016 1507 1073 plurimorum,
1542 1016 1818 1073 dirumpendo

190 1101 364 1131 nervum
409 1087 714 1131 ecclesiasticae
757 1087 1014 1143 disciplinae,
1048 1090 1277 1139 civitatum,
1312 1093 1533 1141 terrarum,
1568 1093 1607 1131 et
1641 1087 1817 1131 aliorum

190 1158 374 1202 locorum
399 1158 608 1215 generalia
634 1158 852 1201 interdicta
877 1161 1210 1215 praesumptione
1242 1158 1468 1211 damnabili
1507 1159 1662 1202 violare
1699 1171 1813 1215 prae-

189 1234 369 1274 sumunt.
405 1255 461 1259 —
494 1228 575 1272 Nos
610 1231 735 1285 igitur
769 1231 806 1271 in
841 1234 980 1272 sancta
1016 1229 1087 1272 Dei
1122 1229 1319 1283 Ecclesia,
1352 1232 1417 1272 cui
1462 1230 1705 1286 disponente
1739 1228 1817 1271 Do·

195 1302 304 1343 mino
349 1300 645 1356 praesidemus,
680 1312 787 1357 quae
829 1300 996 1357 quidem
1044 1303 1162 1343 unica
1195 1305 1268 1355 est,
1304 1305 1341 1343 et
1376 1313 1503 1343 unum
1538 1299 1668 1343 Deum
1705 1313 1820 1356 prae-

191 1371 301 1414 dicat
333 1375 456 1428 atque
489 1370 599 1425 colit,
624 1383 747 1413 unam
783 1371 905 1413 tidem
944 1373 1116 1413 tirmiter
1139 1376 1177 1413 et
1200 1370 1444 1427 simpliciter
1477 1371 1710 1425 confitetur,
1731 1372 1819 1413 uni-

194 1443 443 1485 formitatem
463 1443 680 1499 (quantum
704 1442 922 1485 commode
948 1448 1178 1498 possumus)
1203 1454 1453 1485 conservare
1478 1441 1684 1485 volentes:
1709 1443 1821 1485 circa

194 1513 507 1556 interdictorum
543 1512 850 1556 observantiam
888 1513 1191 1569 praedictorum
1227 1515 1471 1556 auctoritate
1504 1513 1622 1556 Sedis
1653 1512 1822 1568 Aplcae.

197 1584 258 1628 vel
295 1597 314 1627 a
350 1584 534 1627 locorum
569 1582 803 1627 Ordinariis
838 1587 1061 1640 positorum
1097 1584 1148 1627 de
1182 1585 1353 1627 fratrum
1384 1589 1617 1627 nostrorum
1652 1583 1823 1627 consilio

195 1656 380 1699 districte
405 1655 695 1712 praecipiendo
722 1655 985 1698 mandamus:
1021 1661 1225 1713 quatenns
1259 1655 1438 1711 religiosi
1462 1659 1716 1712 quicumque
1739 1659 1822 1697 tam

193 1728 374 1782 exempti
408 1739 531 1783 quam
568 1740 646 1769 non
681 1728 862 1782 exempti
886 1729 1187 1783 cuiuscumque
1221 1726 1377 1769 ordinis
1400 1732 1438 1769 et
1462 1726 1709 1769 conditionis
1741 1727 1823 1768 exi-

193 1802 315 1852 stant,
348 1811 442 1841 eum
477 1797 759 1840 cathedralem
796 1797 860 1840 vel
896 1800 1109 1840 matricem
1130 1797 1218 1854 (seu
1256 1796 1552 1853 parochialem)
1580 1796 1655 1840 loci
1691 1797 1823 1840 eccle—

194 1871 297 1912 siam
331 1868 396 1912 illa
435 1868 614 1911 viderint
647 1873 714 1911 aut
748 1870 948 1912 sciverint
979 1868 1204 1912 observare
1229 1868 1327 1925 (non
1362 1867 1620 1911 obstantibus
1653 1867 1822 1925 quibus-

195 1954 374 1998 cumque
408 1939 796 1996 appellationibus..
831 1944 870 1982 et
904 1939 993 1982 aliis
1026 1938 1257 1982 obiectibus
1288 1939 1638 1996 quibuscumque}
1666 1938 1822 1996 absque

196 2011 289 2055 dolo
323 2018 364 2054 et
398 2011 542 2054 t'raude
575 2024 667 2053 cnm
704 2011 987 2054 moderatione
1020 2015 1156 2053 tamen
1192 2010 1411 2053 decretalis
1436 2018 1458 2032 “
1484 2010 1602 2053 Alma
1629 2009 1666 2064 ’',
1692 2012 1822 2053 invio·
1868 2052 1872 2056 ,

198 2081 375 2126 labiliter
407 2081 691 2125 observent».
724 2080 853 2125 Citata
888 2080 1108 2124 decretalis
1146 2097 1164 2121 (t
1190 2080 1353 2123 Alma»
1394 2083 1430 2123 in
1465 2094 1555 2124 can.
1588 2094 1672 2138 seq.
1710 2083 1823 2123 inve-

198 2156 308 2196 nitur
341 2157 519 2196 servata.

319 2223 385 2265 98.
423 2224 668 2268 lnterdicti
702 2224 874 2268 localis
906 2224 1173 2279 prohibitio
1205 2224 1439 2268 limitatur
1466 2222 1599 2278 quoad
1635 2234 1750 2265 sacra
1786 2226 1823 2265 et

200 2294 300 2337 dies.
339 2292 438 2335 Can.
463 2295 601 2335 2270.
636 2292 663 2349 ξ
696 2296 730 2336 J.
758 2292 1031 2335 Interdictum
1065 2291 1197 2335 locale
1232 2295 1268 2334 in
1302 2305 1391 2335 can.
1418 2293 1544 2346 2268,
1579 2295 1602 2346 ξ
1638 2293 1659 2334 Q
1694 2292 1827 2336 decla-

181 2368 348 2418 ratum
383 2363 468 2405 sire
498 2363 697 2419 yenerule
728 2364 814 2405 siz-e
843 2362 1110 2421 particulare
1144 2365 1255 2405 iuxta
1292 2363 1474 2406 locorum
1511 2363 1825 2407 interdictorum

174 2433 514 2490 amplitudinem
549 2434 599 2476 ad
634 2447 822 2476 normam
857 2446 945 2476 ean.
974 2434 1147 2488 22t59,§
1177 2434 1209 2483 l,
1235 2447 1314 2476 non
1347 2439 1473 2483 velat,
1496 2447 1568 2477 seu
1603 2447 1681 2476 non
1717 2447 1827 2477 com-

203 2504 418 2561 prehendit
453 2504 529 2548 sub
569 2504 843 2560 prohibitione
889 2518 985 2548 usus
1028 2517 1241 2547 sacrorum
1278 2503 1548 2547 morientibus
1580 2507 1637 2547 sic
1675 2506 1830 2548 vocatis
1874 2533 1879 2534 ν

202 2589 251 2618 ex
287 2577 431 2617 mortis
465 2575 647 2631 periculo
696 2580 809 2618 certo
859 2575 1083 2628 moraliter,
1120 2574 1407 2627 Sam-amenta,
1451 2578 1575 2618 etiam
1609 2576 1826 2618 confirma-

200 2648 335 2699 tionis,
369 2648 610 2702 praesertim
648 2649 937 2702 poenitentiae,
972 2648 1277 2689 communionis
1310 2646 1359 2689 ad
1395 2646 1562 2689 modum
1601 2645 1745 2688 Viatici
1780 2658 1826 2689 ao

204 2721 415 2760 extremae
448 2719 663 2770 unctionis,
698 2723 736 2759 el
769 2716 1122 2765 Saeramentalia,
1158 2731 1275 2773 ingr.
1312 2717 1609 2773 indulgentiam
1648 2716 1751 2772 plen.
1789 2719 1826 2758 in

203 2786 377 2830 articulo
421 2789 576 2841 mortis,
611 2788 790 2830 servatis
822 2787 1041 2830 sert-andis
1074 2791 1195 2832 etiam
1232 2788 1364 2844 quoad
1413 2790 1513 2831 ritus
1546 2793 1583 2830 et
1617 2800 1826 2831 coeremo-
