1981 3182
0 0 259 103 Γ

176 117 268 154 Can.
295 117 389 152 2359
549 118 633 152 Trr.
663 118 770 151 XIV.
792 138 804 142 -
823 118 879 152 De
896 119 1048 153 delictis
1066 122 1200 153 contra
1220 123 1341 154 vitam
1360 123 1425 155 etc.
1729 123 1797 158 267

177 239 326 280 simum
360 237 593 282 Romanum
629 238 866 281 Pontificem
900 236 952 280 ab
985 238 1129 281 eadem
1155 239 1320 295 Svnodo
1344 240 1607 284 deferantur:
1636 245 1704 299 qui
1731 256 1802 299 pro
1870 275 1880 279 a

176 308 373 364 qualitate
406 308 567 365 culpae,
601 311 723 352 etiam
760 322 832 365 per
866 310 1157 364 privationem,
1190 312 1221 352 si
1257 324 1360 366 opus
1393 314 1483 366 crit,
1524 314 1560 354 in
1606 326 1675 356 eos
1717 316 1802 356 ani-

177 379 411 423 madvertat
436 395 474 420 )>.

293 446 449 493 Omnes
481 463 606 506 supra
639 452 788 493 citatae
825 462 979 506 poenae
1013 455 1215 507 quatenus
1250 454 1335 507 ipso
1374 453 1478 496 facto
1514 455 1798 510 incurrendae,

180 531 398 576 «quarum
435 523 471 563 in
505 519 657 565 Codice
693 520 803 564 nulla
837 521 881 563 tit
916 523 1083 573 mentio,
1118 526 1326 579 tamquam
1363 522 1585 580 abrogatae
1620 524 1798 568 babean-

175 593 284 633 tur»
324 590 433 647 (can.
469 592 505 645 6,
542 592 618 648 5⁰).
654 591 838 647 lnsuper,
871 593 966 648 quia
1006 607 1023 631 (ι
1050 593 1177 647 ipsius
1216 592 1385 635 Romani
1433 593 1638 638 Pontificis
1681 595 1797 638 dum-

175 664 288 704 taxat
321 663 382 704 ius
416 667 474 704 est
500 662 754 706 iudicandi...
779 663 817 704 in
842 660 1126 705 criminalibus
1149 661 1387 719 Episcopos,
1413 666 1534 707 etiam
1556 664 1740 708 titulares
1758 682 1798 719 ))‚

173 734 361 788 sequitur
392 745 443 775 ex
476 733 742 790 consequenti
777 731 829 775 ab
861 731 950 788 Ipso
987 731 1049 775 vel
1085 745 1105 775 a
1140 732 1178 774 S.
1203 732 1351 789 Congr.
1376 732 1668 787 Consistoriali,
1692 748 1797 793 quae

181 819 197 840 «
225 801 369 858 vigilat
401 816 525 859 super
558 802 736 858 impletis
772 802 834 845 vel
871 804 1006 846 minus
1038 802 1371 859 obligationibus,
1405 803 1555 861 quibus
1587 802 1797 849 Ordinarii

176 876 427 928 tenentur»,
462 873 739 930 peragendam
775 886 864 916 esse
898 876 1164 917 monitionem
1200 874 1264 917 vel
1290 875 1497 931 urgendas
1520 889 1607 919 esse
1634 889 1797 931 poenas,

174 942 226 985 de
259 943 409 1000 quibus
443 943 622 1001 loquitur
655 957 745 986 eon.
779 945 920 996 2359,
956 944 1120 1001 quando
1146 943 1308 987 illorum
1333 944 1482 1002 aliquis
1507 948 1542 987 in
1568 945 1717 989 delicta
1740 959 1798 989 se·

173 1016 355 1071 quentia,
388 1015 496 1072 quod
536 1014 641 1058 Deus
674 1019 849 1068 avertat,
884 1016 1087 1058 inciderit.

290 1085 317 1143 ξ
351 1088 384 1128 1.
424 1084 598 1128 Clerieis
631 1085 672 1128 in
708 1086 855 1131 saeris,
892 1100 1062 1142 nempe:
1101 1102 1120 1126 α
1145 1086 1337 1129 ordinum
1364 1086 1684 1144 presbyteratus
1711 1088 1795 1131 dia-

172 1159 356 1210 conatus,
380 1156 702 1200 subdiaconatus
724 1173 746 1197 »
775 1170 822 1200 ex
850 1157 938 1200 loco
965 1156 1159 1213 parallelo
1183 1164 1290 1201 can.⁸
1314 1158 1412 1211 949,
1435 1158 1521 1200 sire
1543 1158 1797 1213 saeculares,

174 1231 290 1284 prout
324 1239 345 1270 a
379 1227 647 1284 sequentibus
680 1228 987 1278 discernuntur,
1021 1228 1107 1270 sire
1138 1227 1330 1285 reliyiosi
1367 1245 1389 1269 «
1411 1231 1480 1285 qui
1517 1234 1609 1272 vota
1645 1242 1799 1272 nuncu-

174 1303 320 1353 parunt
354 1300 392 1340 in
427 1297 564 1355 aliqua
599 1298 841 1355 religione»
882 1299 990 1354 (can.
1027 1299 1125 1352 488,
1159 1298 1236 1355 7⁰).
1270 1299 1340 1341 sed
1378 1302 1434 1342 uti
1468 1300 1670 1356 completa
1706 1300 1793 1343 illo·

173 1381 263 1411 rum
298 1368 447 1412 divisio
480 1371 543 1424 sit,
578 1372 702 1412 etiam
737 1371 774 1412 in
810 1373 1019 1413 communi
1067 1372 1253 1413 viventes
1293 1372 1379 1412 sine
1421 1373 1536 1417 votis,
1572 1371 1797 1414 dummodo

171 1441 251 1481 sint
283 1439 586 1493 eoiieuln'narii,
618 1442 692 1483 etsi
726 1453 805 1483 non
841 1440 1018 1497 publice,
1053 1445 1173 1497 prout
1197 1440 1294 1483 illud
1330 1440 1500 1484 verbum
1528 1443 1600 1484 tuit
1630 1444 1667 1484 in
1692 1449 1798 1485 can.⁸

173 1510 301 1564 2337,
334 1510 362 1568 ξ
397 1511 418 1553 2
453 1510 720 1567 explicatum,
753 1510 794 1567 a)
830 1511 1058 1555 monitione
1096 1514 1216 1555 unica
1240 1511 1454 1554 inutiliter
1474 1513 1726 1569 praemissa,
1749 1526 1797 1556 eo

171 1581 279 1638 quod
316 1581 551 1624 emendatio
590 1594 684 1624 vera
720 1595 798 1624 non
832 1587 1043 1638 sequatur,
1079 1581 1117 1637 b)
1152 1587 1358 1638 coquntur
1392 1596 1462 1639 per
1486 1596 1637 1639 poenus
1662 1597 1799 1627 recen-

171 1652 320 1695 sendas
353 1656 392 1695 et
423 1654 660 1695 successive
693 1652 961 1709 applicandas
1005 1655 1117 1696 iuxta
1161 1665 1352 1700 canones,
1394 1656 1462 1711 qni
1507 1653 1557 1697 de
1603 1656 1699 1710 ipsis
1742 1654 1796 1697 lo·

170 1728 368 1779 quuntur,
402 1722 451 1765 ab
486 1722 637 1766 illicito
672 1726 752 1766 imo
802 1729 841 1767 et
873 1724 1077 1780 sacrilego
1111 1723 1380 1767 contubernio
1415 1724 1618 1781 recedere,
1655 1725 1797 1769 mulie-

170 1806 257 1837 rem
292 1793 495 1837 eiiciendo
529 1807 549 1836 e
585 1796 748 1850 propria
781 1795 904 1837 domo
943 1795 1004 1837 vel
1039 1798 1206 1838 omnino
1240 1809 1318 1838 non
1343 1796 1533 1839 adeundo
1557 1800 1672 1838 extra
1707 1809 1796 1839 eam

171 1865 357 1920 domum,
389 1870 428 1908 et
461 1864 723 1918 scandalum,
757 1866 864 1923 quod
908 1871 949 1909 ut
985 1866 1208 1922 plurimum
1248 1866 1365 1910 facile
1408 1867 1552 1921 aderit,
1594 1881 1800 1924 reparare

171 1941 448 1992 congruenter
483 1937 634 1980 iudicio
666 1934 892 1992 Ordinarii,
928 1939 996 1994 qni
1022 1942 1161 1980 utatur
1183 1938 1233 1981 ad
1260 1937 1372 1980 illum
1394 1938 1601 1994 duplicem
1626 1952 1795 1995 scopum

171 2006 444 2064 suspensione
475 2021 499 2050 a
532 2007 702 2054 divinis,
741 2022 847 2065 quae
876 2011 1042 2064 proprie
1067 2021 1239 2051 censura
1265 2011 1356 2062 erit,
1381 2014 1503 2066 atque
1527 2025 1548 2050 «
1575 2014 1683 2052 vetat
1711 2023 1795 2052 on]-

172 2090 264 2120 nem
299 2082 436 2121 actum
474 2081 685 2134 potestatis
718 2080 874 2122 ordinis
907 2092 1030 2137 quam
1066 2081 1158 2137 quis
1190 2082 1279 2122 sive
1315 2093 1386 2136 per
1428 2092 1587 2123 sacram
1632 2080 1795 2123 ordina-

171 2151 324 2192 tionem
358 2151 448 2193 sive
483 2163 554 2206 per
588 2151 851 2207 privilegium
888 2150 1088 2194 obtinet»
1127 2153 1230 2204 (can.
1268 2151 1393 2203 9279,
1429 2154 1454 2205 ἓ
1485 2156 1524 2198 2,
1552 2152 1608 2206 2⁰,
1634 2157 1796 2209 etquae

170 2219 363 2263 omnibus
395 2232 518 2276 supra
553 2221 673 2264 dictis
706 2222 869 2265 clericis
892 2222 1093 2278 applicari
1119 2227 1263 2278 potest,
1288 2222 1385 2265 dum
1411 2235 1588 2279 sequens
1611 2223 1659 2266 ad
1681 2236 1798 2279 quos-

171 2290 265 2333 dam
302 2293 578 2347 restringitur,
616 2291 828 2336 videlicet:
869 2297 1159 2349 «cogantur»
1194 2292 1436 2349 privatione
1477 2292 1692 2350 fruetuum
1735 2292 1795 2350 os—

169 2359 255 2416 ficii
292 2363 478 2404 «stricto
511 2374 633 2404 sensu
656 2377 677 2401 ))
717 2363 825 2419 (can.
867 2363 957 2417 145,
991 2362 1019 2420 ἓ
1056 2363 1109 2417 l),
1152 2361 1338 2418 beneficii
1379 2363 1429 2406 ad
1475 2375 1662 2405 normam
1707 2376 1795 2406 can.

173 2431 299 2483 1409,
332 2430 559 2488 dignitatis
592 2434 649 2475 sic
684 2432 818 2476 dictae
842 2433 893 2477 ob
919 2435 1252 2490 praerogativam
1280 2435 1610 2490 praecedentiae,
1633 2439 1797 2477 servato

167 2504 208 2544 'in
245 2501 436 2546 omnibus
471 2504 666 2559 praefatis
699 2506 841 2560 poenis
873 2504 1138 2561 praescripto
1172 2505 1306 2561 quoad
1345 2517 1581 2560 processum
1627 2517 1797 2547 servan-

170 2572 268 2615 dum
304 2588 394 2616 ean.
429 2576 686 2617 awo-9181
721 2577 759 2617 in
794 2575 945 2632 quibus
979 2575 1134 2632 gradus
1168 2577 1475 2618 constituuntur
1515 2577 1624 2618 circa
1669 2588 1798 2632 quan-

171 2646 296 2687 titatis
331 2645 538 2688 fructuum
575 2648 866 2701 privationem,
900 2659 947 2689 ac
981 2649 1104 2689 etiam
1142 2648 1319 2702 privatio
1355 2648 1482 2702 ipsius
1516 2645 1706 2689 beneticii
1742 2648 1797 2689 uti

170 2719 356 2758 extrema
392 2728 519 2771 poena
555 2716 806 2759 decernitur.
842 2716 926 2759 lmo
961 2718 1113 2760 dicitur
1151 2733 1173 2757 ((
1196 2716 1422 2773 parochum
1449 2722 1611 2773 praeter
1633 2730 1799 2773 suspen-

169 2787 326 2828 sionem
360 2798 381 2828 a
415 2786 569 2829 divinis
601 2786 709 2843 (esse
741 2786 818 2830 sub
851 2786 1157 2831 conditionibus
1191 2787 1244 2830 ibi
1278 2787 1523 2844 designatis)
1556 2789 1691 2830 statim
1729 2800 1797 2843 pa·

173 2858 307 2900 roecia
344 2857 638 2912 privandum»
678 2857 785 2914 (can.
822 2857 947 2913 2177,
985 2857 1060 2914 ⁵20).
