1981 3182
4 92 30 111 μ’,
122 121 214 157 Gan.
242 121 444 157 2346-2347
519 121 602 154 Trr.
631 121 682 154 X.
711 141 724 146 -
752 121 808 156 De
832 121 1013 156 remediis
1034 122 1266 165 poenalibus
1292 124 1358 156 etc.
1558 131 1561 133 ·
1685 121 1752 155 189

124 244 353 298 reprimunt
371 245 411 284 et.
431 240 633 284 medelam
653 240 872 284 afferunt...
905 238 967 282 lV.
990 238 1145 291 Mediis,
1164 253 1270 296 quae
1292 245 1574 296 praeservant,
1597 242 1753 296 praeci-

0 316 2 367 Ξ
126 325 204 369 pue
225 316 498 356 accensentur
515 311 742 367 spiritualia
768 312 979 363 exercitia,
1007 311 1251 353 monitiones
1273 315 1311 353 et
1332 316 1608 366 praecepta».
1652 309 1750 354 Can.

0 383 1 388 ’
128 396 226 426 vero
243 383 369 425 2306
404 382 563 438 plenius
586 380 756 424 exhibet
781 380 930 433 media,
964 379 1128 423 dicens:
1164 379 1362 422 Remedia
1394 380 1593 437 poenalia
1611 383 1751 424 stricta

125 454 404 508 inscriptionis
422 453 724 507 significatione
744 456 841 493 sunt
865 452 1070 493 taxative:
1102 451 1140 492 10
1166 449 1359 506 Monimo,
1383 464 1488 508 quae
1510 451 1616 494 idem
1637 456 1752 494 sonat

126 536 173 567 ac
205 522 514 566 animadversio
557 521 679 565 alicui
727 522 831 564 lacta
866 520 916 563 de
949 522 1110 562 actione
1155 521 1281 575 ipsius
1313 533 1392 562 non
1429 520 1662 573 laudandag
1696 545 1753 550 —

124 594 174 636 2⁰
212 591 443 650 Correptio,
479 604 584 649 quae
625 591 990 647 reprehensionem
1037 592 1231 645 importat
1275 591 1325 633 de
1368 593 1531 633 actione
1573 593 1751 647 correpti

126 663 223 708 huic
256 663 487 709 directam:
534 687 591 693 —
622 662 671 705 30
710 660 980 718 Praeceptum
1028 662 1064 702 vi
1109 660 1404 704 iurisdictionis
1448 661 1753 704 ecclesiasticae

127 735 381 810 impositum,
399 735 464 776 cui
486 732 713 789 parendum
733 736 792 774 est
811 732 934 774 etiam
954 732 993 773 in
1014 732 1287 773 conscientia:
1306 733 1417 773 iuxta
1439 731 1536 774 illud
1553 730 1598 775 D.
1617 731 1750 774 Pauli:

128 784 349 847 «Obedite
384 804 628 858 praepositis
679 803 826 844 testris
859 805 896 843 et
929 799 1141 843 subiacete
1175 802 1245 853 eis,
1282 802 1356 856 ipsi
1392 802 1499 843 enim
1537 800 1753 857 intigilant

114 888 200 931 pro
233 873 451 917 animabus
487 874 633 916 testris
668 874 867 914 rationem
903 871 1145 914 reddituri»
1171 871 1207 923 1·,
1244 897 1296 901 —
1332 870 1753 928 4⁰1192tantmsm

121 944 292 1001 gularis,
325 946 391 987 cui
425 956 447 986 a
480 944 701 999 Superiore
734 941 952 985 subiicitur
986 941 1132 990 tidelis,
1165 942 1236 985 sed
1271 941 1348 985 hoc
1385 941 1614 985 remedium
1648 944 1751 985 sicut

121 1020 160 1058 et
196 1019 347 1070 cetera,
391 1015 585 1071 quamvis
621 1015 856 1056 communia
893 1025 981 1055 esse
1018 1015 1168 1068 possint
1203 1025 1300 1069 erga
1335 1012 1509 1055 clericos
1542 1017 1581 1055 et
1615 1012 1753 1065 laicos,

124 1087 368 1142 praesertim
401 1084 534 1142 quoad
573 1083 662 1126 illos
694 1089 787 1126 sunt
825 1086 992 1139 practici
1030 1085 1239 1126 momenti.

240 1156 357 1199 Patet
390 1154 441 1198 al)
474 1154 648 1198 elencho
684 1155 806 1197 luisse
839 1159 1043 1209 expuncta
1090 1156 1287 1197 exercitia
1326 1154 1571 1211 spiritualia,
1603 1154 1754 1212 quibus

123 1232 289 1283 aptatur
323 1228 621 1282 praescriptum
667 1238 757 1269 can.
805 1225 931 1278 2313,
964 1224 992 1282 g
1027 1225 1064 1266 2.
1103 1241 1124 1265 «
1147 1222 1397 1268 (li-dinarius
1442 1239 1513 1281 pro
1546 1238 1618 1269 sua
1660 1239 1753 1282 pru-

123 1298 261 1341 dentia
295 1297 450 1340 addere
485 1301 614 1352 potest
650 1295 831 1352 (eadem)
867 1294 1025 1351 poenali
1063 1296 1244 1337 remedio
1281 1298 1514 1338 monitionis
1547 1301 1585 1338 et
1618 1310 1753 1339 corre-

128 1370 277 1425 ptionis
299 1383 321 1408 n
359 1366 659 1410 tantummodo.

247 1439 343 1482 141.
379 1440 702 1490 Quandonam
736 1440 799 1483 sit
831 1439 1034 1483 monitio
1067 1439 1311 1489 facienda,
1331 1437 1475 1480 mim-et
1500 1452 1588 1480 ean.
1613 1440 1751 1481 2307.

127 1509 184 1552 Ex
221 1508 337 1553 Instr.
372 1511 439 1553 cit.
472 1507 500 1551 ll
541 1508 768 1564 «remedia
805 1510 1073 1564 praeventiva
1111 1507 1162 1550 ad
1197 1507 1273 1550 hoc
1317 1508 1554 1564 diriguntur
1599 1514 1639 1551 ut
1678 1511 1750 1551 im-

127 1580 291 1636 pediant
329 1582 551 1637 «monimus
600 1578 752 1622 malum
788 1567 997 1630 adv‘eniat,
1048 1583 1089 1621 ut
1124 1578 1307 1621 scandali
1358 1579 1528 1634 stimuli,
1574 1582 1753 1622 occasio-

126 1664 198 1694 nes
218 1650 490 1700 voluntariae,
510 1662 744 1707 causaeque
763 1650 811 1691 ad
829 1649 1155 1706 delinquendum
1173 1652 1387 1705 proximae
1407 1654 1752 1693 removeantur».

126 1721 254 1777 lgitur
286 1721 515 1764 secundum
554 1720 832 1763 remediorum
870 1719 1103 1774 poenalium
1146 1725 1334 1762 naturam
1370 1725 1429 1763 est
1455 1723 1753 1776 praescriptum

123 1794 306 1835 canonis.
341 1790 447 1834 Eum
483 1793 723 1847 pracsertim
759 1790 971 1845 clericum,
1006 1790 1075 1833 scd
1128 1790 1276 1833 laicum
1313 1805 1476 1848 quoque
1509 1804 1555 1834 ac
1592 1791 1753 1847 religio-

123 1876 231 1918 sum,
264 1865 301 1916 a)
334 1862 405 1920 qui
439 1867 632 1904 versatur
664 1866 756 1905 actu
796 1861 858 1904 vel
894 1867 1060 1918 propter
1095 1864 1352 1904 iterationem
1386 1862 1425 1903 in
1456 1862 1654 1919 prorima
1689 1878 1753 1905 oe-

123 1934 304 1989 casione,
338 1936 434 1990 quia
481 1938 521 1976 ut
560 1933 785 1990 plurimum
830 1946 880 1976 ex
925 1935 1332 1976 circuinstantiarum
1380 1937 1525 1976 natura
1568 1936 1754 1990 sequitur

123 2009 313 2052 eventus,
347 2003 545 2047 delictum
579 2006 745 2061 proprie
778 2004 935 2047 dictum
970 2003 1019 2046 ad
1043 2016 1229 2046 normam
1255 2016 1344 2046 can.
1383 2004 1507 2047 2195.
1543 2006 1567 2058 ξ
1604 2005 1619 2046 1
1649 2018 1751 2047 eom-

126 2075 320 2118 mittendi
344 2067 643 2132 peractionem
680 2075 743 2118 vel
779 2077 1042 2118 omissionem
1080 2077 1191 2117 iuxta
1228 2075 1328 2131 legis
1364 2075 1545 2131 poenalis
1583 2078 1752 2118 vetitum

129 2146 190 2190 rel
227 2152 509 2203 praereptum,
550 2146 610 2188 rel
645 2146 685 2203 h)
716 2146 756 2188 iii
793 2160 924 2203 quem,
960 2151 1001 2189 ut
1037 2158 1176 2202 supra,
1201 2160 1252 2187 es
1286 2146 1560 2203 inquisitione
1579 2153 1753 2204 peraeta

124 2218 309 2274 generali
349 2218 410 2260 vel
445 2217 628 2273 speciali,
657 2217 802 2273 pravis
838 2222 1005 2273 propter
1041 2219 1219 2259 rationes
1252 2217 1436 2274 suspicio
1471 2217 1595 2274 (quae
1626 2220 1753 2260 innuit

127 2288 372 2345 prudentem
410 2288 706 2344 intelligentiae
740 2288 1068 2344 inclinationem)
1103 2287 1217 2329 eadit
1253 2291 1308 2330 uti
1343 2287 1575 2331 subiectum
1612 2288 1757 2331 delicti

126 2364 240 2403 certo
274 2359 497 2407 commissi,
539 2362 575 2401 in
611 2359 809 2402 alterutro
843 2372 939 2402 casu
976 2363 1093 2415 urget
1131 2361 1456 2416 praescriptum:
1497 2358 1757 2402 Orctimtrizts*

125 2430 175 2473 ad
212 2442 399 2473 normam
435 2442 525 2473 can.
567 2430 658 2477 198,
690 2430 717 2485 ξ
752 2431 789 2482 1,
812 2444 888 2487 per
911 2444 954 2471 se
978 2429 1039 2471 rel
1067 2443 1146 2487 per
1168 2429 1462 2487 interpositam
1487 2430 1536 2473 ad
1563 2430 1639 2474 hoc
1660 2444 1753 2488 per-

124 2515 271 2544 sonam
296 2506 459 2544 moneat
482 2514 603 2544 sensu
638 2501 687 2544 ad
723 2514 811 2544 can.
849 2506 1015 2557 praec.¹¹²
1049 2499 1269 2556 explicato.
1308 2500 1423 2557 Viget
1458 2514 1556 2557 ergo
1589 2502 1640 2545 de
1676 2515 1755 2544 nio-

126 2573 279 2615 nitione
315 2585 397 2627 reg.
435 2574 534 2614 iuris
569 2572 622 2614 68
658 2574 695 2614 in
732 2572 798 2615 60:
838 2571 1019 2614 «Potest
1064 2573 1155 2628 quis
1190 2584 1261 2627 per
1294 2571 1435 2627 alium,
1470 2573 1578 2629 quod
1627 2578 1755 2628 potest

126 2643 261 2686 facere
297 2656 368 2699 per
400 2644 641 2699 seipsum».

246 2797 255 2817 1
285 2795 344 2828 Ad
371 2795 516 2829 Haebr.
549 2795 659 2838 XIII,
692 2795 744 2830 17.
