1981 3182
0 0 251 131 'wag-At*
263 0 313 21 *xv-¹23⁴
332 0 346 6 ¹-
388 4 390 6 -
403 0 405 2 ·
469 0 472 3 ·
486 4 490 6 »

51 78 59 100 J

7 127 35 157 *2
43 109 51 115 ⁸

133 138 228 174 Gan.
255 138 350 173 2263
504 174 507 176 ,
541 137 624 171 ΤιΤ.
659 136 762 170 VIII.
784 156 796 161 -
819 136 873 171 Dc
895 139 1033 181 poenis
1057 137 1358 171 medicinalibus
1696 137 1762 172 137

133 257 298 300 homine
325 255 388 299 vel
413 268 434 299 a
471 258 559 298 iure
593 259 806 307 statutum,
832 268 909 296 non
936 255 1057 296 fuerit
1082 254 1143 311 (ut
1177 254 1336 310 debuit)
1366 260 1620 310 prosecutus,
1650 255 1763 312 lapso

133 327 280 371 eodem
328 331 514 382 tempore
548 328 935 369 excommunicatus
981 324 1142 380 publice
1186 327 1380 377 nuntiari,
1414 326 1480 382 (ac
1528 328 1764 370 referuntur

133 398 318 450 effectus)
351 403 389 440 et
436 397 586 440 nedum
634 399 671 438 in
721 395 997 441 iudicialibus.
1031 396 1102 438 sed
1137 399 1259 439 etiam
1306 399 1342 438 in
1379 397 1764 441 extraiudicialibus

71 473 75 477 '
133 470 297 517 evitari,
328 480 376 511 ac
410 481 430 511 a
479 468 678 524 legitimis
721 466 882 523 actibus
925 469 1130 509 removeri
1176 466 1357 520 debebit,
1390 481 1606 524 quousque
1651 469 1760 525 quod

106 543 222 596 post
255 538 572 595 appellationem
618 538 844 594 legitimam
881 540 1267 580 excommunicatus
1300 540 1435 590 tuerit,
1472 539 1533 581 vel
1569 538 1669 581 alias
1712 540 1763 582 de

134 612 261 666 ipsius
293 612 521 653 sententiae
555 609 743 652 docuerit
778 608 964 651 nullitate
990 624 1027 649 ».
1065 609 1188 650 l'orro
1232 611 1363 664 magis
1396 610 1599 665 complete
1642 611 1761 653 ret'ert

135 680 431 737 prohibitiones
476 683 513 722 in
559 681 762 736 praesenti
797 691 953 722 canone
999 681 1222 722 recensitas
1255 692 1343 735 cap.
1384 680 1431 722 13
1483 695 1501 720 ‹<
1526 680 1575 723 de
1618 680 1760 724 haere-

134 753 262 795 ticis»
302 749 368 808 (V,
393 751 436 806 7)
472 750 519 793 Χ.
558 751 619 793 Ait
655 753 765 793 enim
798 749 935 793 Innoc.
973 750 1019 792 lll
1058 752 1093 792 in
1128 750 1249 793 Conc.
1285 750 1494 806 generali:
1533 750 1763 794 «Firmiter

132 826 371 876 statuentes,
407 826 470 864 ut2
495 826 709 878 postquam
746 823 837 878 quis
881 821 1022 863 talium
1059 822 1182 863 fuerit
1215 824 1648 864 excommunicatione
1692 835 1760 863 no-

132 897 254 943 tatus,
286 894 317 935 si
352 892 591 935 satisfacere
623 894 917 947 contempserit
958 892 1059 934 intra
1094 904 1246 933 annum
1281 891 1481 947 (conditio
1517 905 1623 935 nunc
1668 892 1761 934 sub-

134 963 233 1020 lata)
256 977 305 1006 ex
342 968 437 1006 tunc
472 965 559 1018 ipso
593 965 723 1006 iure...
760 976 835 1005 nec
868 963 917 1006 ad
950 962 1112 1019 publica
1138 963 1269 1004 otticia
1304 976 1375 1005 seu
1401 962 1584 1016 consilia,
1610 976 1683 1005 nec
1713 963 1761 1005 ad

131 1033 343 1090 eligendos
386 1033 547 1091 aliquos
580 1033 629 1076 ad
679 1032 912 1076 huiusmodi
959 1047 1033 1075 nec
1066 1034 1114 1075 ad
1162 1036 1440 1076 testimonium
1478 1034 1762 1077 admittatur...

132 1104 277 1148 Nullus
311 1109 522 1161 praeterea
559 1106 632 1160 ipsi
667 1118 793 1160 531131·
826 1117 1090 1161 quocumque
1126 1106 1304 1160 negotio,
1338 1104 1406 1147 sed
1457 1106 1540 1160 ipse
1578 1104 1667 1147 aliis
1702 1118 1761 1146 re-

131 1174 336 1231 spondere
385 1180 570 1231 cogatur.
605 1174 724 1227 Quod
759 1177 790 1217 si
843 1176 945 1217 t'orte
996 1175 1117 1217 index
1154 1176 1348 1229 extiterit⁷
1385 1174 1525 1231 (etiam
1576 1191 1597 1215 c<
1623 1177 1653 1217 is
1696 1176 1761 1217 cui

131 1257 267 1299 causa,
303 1245 397 1289 licet
433 1248 598 1301 proprio
634 1248 799 1288 nomine
834 1248 922 1287 eius
955 1259 1165 1301 expresso.
1191 1257 1212 1287 a
1236 1245 1341 1288 Sede
1375 1248 1493 1288 tuerit
1529 1245 1763 1301 Α11133.(13-

134 1316 311 1372 legata»
365 1321 405 1359 31
455 1321 612 1359 constat
657 1330 705 1359 ex
751 1330 841 1372 cap.
880 1317 931 1359 10
971 1316 1065 1359 «de
1114 1317 1247 1359 officio
1281 1320 1319 1358 et
1369 1321 1566 1372 potestate
1619 1317 1765 1360 iudicis

132 1387 355 1443 delegati»
394 1390 439 1430 tit
492 1387 557 1439 14,
596 1387 678 1430 Lib.
717 1387 727 1429 l
764 1389 800 1429 111
838 1386 915 1448 110),
949 1390 1037 1430 3135
1069 1389 1269 1430 sententia
1306 1387 1457 1430 nullam
1485 1387 1665 1430 obtineat
1702 1389 1764 1429 lir-

134 1460 331 1511 mitatem,
369 1472 442 1501 nec
486 1470 635 1501 causae
679 1458 842 1515 aliquae
876 1459 924 1500 ad
971 1460 1058 1501 eius
1102 1458 1355 1501 audientiam
1406 1460 1679 1514 perferantur.
1724 1459 1761 1501 Si

134 1531 255 1571 t'uerit
289 1529 532 1581 advocatus,
557 1531 646 1572 eius
680 1531 953 1584 patrocinium
980 1528 1214 1571 nullatenus
1237 1529 1492 1572 admittatur.
1517 1531 1555 1571 si
1583 1528 1765 1580 tabellio,

134 1601 404 1642 instrumenta
450 1601 634 1643 conlecta
687 1613 758 1656 per
808 1602 939 1655 ipsum
984 1599 1137 1642 nullius
1180 1601 1258 1642 sint
1308 1602 1517 1645 momenti,
1552 1600 1622 1643 sed
1669 1614 1761 1643 cnm

133 1674 301 1712 auctore
335 1670 529 1713 damnato
564 1670 826 1713 damnentur.
863 1669 908 1712 Et
946 1672 982 1712 111
1007 1669 1212 1713 similibus
1246 1670 1353 1713 idem
1393 1673 1669 1726 praecipimus
1693 1670 1761 1713 ol)-

132 1746 336 1785 servari...
369 1741 569 1784 Similiter
602 1740 774 1798 quilibet
813 1741 1039 1797 regulares,
1073 1740 1223 1798 quibus
1255 1743 1376 1783 etiam
1428 1740 1504 1783 hoc
1540 1742 1763 1797 intligatur,

133 1817 175 1855 ut
209 1825 352 1855 eorum
398 1811 616 1868 privilegia
669 1814 705 1854 111
758 1811 823 1854 1113
860 1813 1038 1855 dioecesi
1085 1826 1162 1854 non
1197 1816 1429 1865 serventur,
1467 1814 1502 1853 in
1539 1824 1618 1868 qua
1664 1812 1765 1855 tales

133 1895 328 1925 excessus
362 1885 714 1939 p1·aesunq)sei·int
750 1888 991 1939 perpetrare
1015 1899 1054 1923 )).

252 1952 388 1997 Codex
427 1958 605 1996 mentem
640 1966 686 1996 ac
724 1954 899 1996 litteram
937 1956 1037 1996 iuris
1077 1953 1352 1996 Decretalium
1388 1956 1587 2007 servavit,
1620 1954 1762 1996 (lecer—

134 2036 257 2067 nens:
292 2023 332 2080 a)
364 2022 612 2066 Removelztr
634 2024 1017 2067 ervomnienn'calus
1046 2024 1216 2081 quilibet
1253 2024 1328 2067 liac
1362 2024 1411 2066 de
1446 2036 1567 2066 causa
1593 2023 1641 2065 ab
1665 2024 1765 2066 aeti-

133 2095 205 2137 bus
239 2094 440 2151 leqitimis
471 2094 768 2138 ecelesiasticis
805 2096 911 2152 (van.
950 2096 1075 2145 2256,
1113 2094 1188 2151 2⁰),
1226 2109 1302 2137 non
1348 2100 1483 2137 autem
1519 2094 1570 2137 ab
1603 2094 1764 2138 actibus

135 2165 330 2222 legitimis
362 2165 570 2219 civilibus,
595 2171 632 2208 et
666 2166 717 2209 ab
751 2166 830 2209 illis
865 2166 978 2208 intra
1013 2166 1113 2221 fines
1147 2166 1457 2221 cognoscendos
1479 2165 1567 2207 suis
1592 2165 1631 2206 in
1663 2165 1764 2208 loeis

133 2234 296 2279 Codicis
331 2224 402 2292 pro
428 2236 590 2291 illorum
617 2236 871 2285 diversitate,
897 2250 967 2279 seu
1005 2236 1096 2278 iure
1117 2239 1270 2292 scripto
1294 2236 1500 2292 definito&
1528 2236 1629 2279 ultra
1662 2250 1765 2293 quos

136 2319 214 2349 uon
248 2307 495 2350 extendatur
531 2309 715 2362 remotio,
753 2307 793 2364 b)
831 2307 971 2365 nequi!
1006 2307 1046 2349 in
1081 2307 1221 2349 messis
1256 2307 1540 2350 tantummodo
1575 2306 1763 2349 eeclesia-

127 2376 252 2419 'slieis
287 2383 453 2434 propter
488 2378 591 2420 lianc
625 2381 850 2421 exercitam
890 2378 1214 2421 iurisdictionem
1241 2392 1366 2435 agere
1400 2380 1578 2434 proprie,
1605 2378 1687 2419 nisi
1709 2376 1764 2420 ad

136 2461 322 2490 normam
358 2463 450 2492 ean.
486 2451 620 2501 1654,
653 2448 720 2492 ubi
755 2450 982 2506 quidquam
1018 2449 1253 2492 huiusmodi
1300 2451 1396 2505 ipsis
1434 2465 1453 2489 «
1477 2451 1761 2492 excommuni-

136 2521 237 2561 catis
273 2520 451 2563 vitandis
484 2525 554 2562 aut
589 2520 770 2563 toleratis
816 2526 903 2577 post
935 2523 1179 2564 sententiam
1215 2520 1531 2564 declaratoriam
1571 2520 1631 2563 vel
1667 2533 1762 2563 con-

136 2589 437 2633 demnatoriam
462 2593 713 2646 permittitur
731 2607 750 2632 ))
771 2610 779 2645 3
804 2594 843 2648 c)
867 2590 1115 2648 proln'belm·
1136 2590 1433 2634 ecclesiasticis
1455 2591 1600 2647 officiis
1622 2593 1763 2633 stricto

135 2673 257 2703 sensu
290 2666 415 2717 atque
450 2660 529 2703 lato
563 2668 666 2713 (can.
703 2661 799 2715 145,
824 2665 848 2716 ἓ
877 2663 912 2714 t)
935 2676 983 2705 ex
1010 2662 1242 2705 additione:
1277 2676 1348 2704 seu
1371 2661 1611 2705 *inemeribus
1636 2663 1762 2717 fungi,

140 2745 176 2772 v.
211 2744 270 2787 gr.
305 2731 510 2778 advocati,
557 2734 716 2785 notarii,
757 2733 998 2788 praedicare
1050 2732 1220 2776 verbum
1274 2732 1359 2782 Dei,
1401 2733 1445 2790 d)
1480 2732 1764 2789 concessisque

135 2807 275 2854 antea,
312 2814 403 2845 nam
457 2804 494 2844 in
545 2803 587 2855 §⁰
623 2804 668 2845 '2³³
700 2809 807 2845 can.S
841 2803 954 2845 2265
989 2802 1233 2846 tractabitur
1281 2804 1332 2847 de
1379 2803 1671 2855 concedendis,
1714 2801 1763 2844 ab

135 2870 325 2915 Ecclesia
361 2886 431 2929 per
464 2872 690 2929 quamlibet
738 2877 979 2928 potestatem
1023 2872 1262 2930 privileyiis
1304 2876 1446 2917 stricto
1478 2886 1600 2916 sensu
1644 2872 1763 2915 dictis
