1981 3182
0 0 411 79 pun-*ww*

155 23 161 31 t
293 19 297 24 ¹
342 23 344 26 ’

105 163 201 199 can.
225 162 320 198 2354
479 162 564 196 Tm.
593 161 699 195 XIV.
720 179 734 186 -
752 161 809 195 De
825 161 976 194 delictis
993 163 1129 194 contra
1151 163 1271 194 vitam
1289 163 1355 194 etc.
1660 161 1729 195 ‘259

105 283 188 326 lum
222 285 430 339 processui
476 281 659 325 iudiciali
706 279 930 333 subiectus,
964 279 1033 322 sed
1070 278 1295 321 damnatus
1329 293 1491 336 quoque
1529 283 1730 323 sententia

105 353 152 397 ob
184 352 383 396 delictum
416 352 594 409 aliquem
629 351 883 407 singularem
918 349 956 404 a)
992 347 1208 392 honn'eiclii
1241 349 1551 407 quomodolibet
1584 352 1731 406 patrati

105 437 198 467 cum
238 426 313 466 viri
347 428 417 466 aut
452 422 637 466 mulieris
671 425 800 464 morte
832 426 1021 477 sequuta,
1057 419 1098 475 b)
1132 426 1282 477 raptus
1322 423 1358 463 in
1405 434 1540 476 praec.
1575 434 1732 464 canone

106 496 277 547 definiti,
311 494 496 551 quolibet
528 507 576 537 ex
613 494 707 546 fine,
741 490 999 549 impuberum
1023 490 1276 533 alterutrius
1299 505 1436 545 seoeics,
1462 496 1581 547 prout
1608 507 1630 533 «
1654 504 1734 535 ma-

106 565 245 610 sculus
278 569 470 609 censetur
513 565 615 607 infra
655 564 863 607 decimum
908 566 1116 619 quartum,
1157 566 1195 604 et
1236 563 1385 604 femina
1430 563 1534 605 infra
1578 562 1733 605 duode-

107 640 261 681 cimum
296 649 449 680 annum
484 635 737 691 completum
761 650 782 675 »
823 633 931 690 (can.
968 633 1035 682 88,
1070 634 1094 685 ,ξ
1129 631 1185 689 2),
1220 632 1259 689 c)
1294 633 1429 676 dictae
1454 635 1618 689 proprie
1645 647 1733 675 cen·

108 707 284 751 [litionis
318 705 512 760 hominis,
550 721 572 746 «
594 707 712 748 cuius
743 703 1017 760 appellatione
1042 707 1122 745 tam
1149 704 1342 746 teminam
1362 716 1483 760 quam
1505 703 1733 747 masculum

109 780 311 823 contineri
344 790 423 820 non
458 776 671 820 dubitatur
694 791 713 816 ))
753 776 779 829 ²,
805 776 989 831 praecise
1015 773 1055 816 in
1080 774 1321 816 servitutem
1347 777 1511 830 proprie
1529 780 1733 831 sumptam

112 852 223 893 iuxta
257 848 502 892 hodiernam
537 848 696 903 praxim
734 845 794 887 vel
827 844 959 887 oliam
992 844 1148 887 malunt
1182 844 1316 900 finem.
1353 845 1457 888 idest
1493 847 1551 888 sic
1594 859 1735 888 conse-

111 918 321 976 quendum
357 917 466 960 illius
500 929 699 973 personae
735 929 852 959 usum
887 914 938 958 ab
972 919 1171 971 emptore,
1197 914 1236 971 c)
1264 928 1430 967 usur-(w,
1456 920 1659 972 quatenus
1684 918 1739 958 in-

112 995 265 1033 teresse
297 991 488 1045 exigatur
521 1001 569 1030 ex
607 991 791 1030 mutuata
827 988 1002 1042 pecunia
1038 985 1142 1029 ultra
1177 986 1214 1028 id
1249 986 1357 1041 quod
1384 985 1448 1029 lex
1474 986 1616 1029 saltem
1642 1000 1736 1029 con-

111 1060 245 1115 cedat,
279 1060 320 1114 d)
352 1059 546 1112 rapinae,
579 1071 651 1101 seu
687 1057 891 1101 x'iolentae
925 1056 1145 1100 ablationis
1180 1057 1382 1100 bonorum
1408 1056 1620 1100 mobilium
1646 1057 1740 1100 alie-

113 1143 274 1181 norum,
307 1128 346 1186 e)
385 1127 510 1186 furti,
551 1127 731 1171 scilicet:
778 1127 924 1171 similis
961 1126 1180 1170 ablationis
1224 1126 1379 1184 absque
1425 1126 1633 1179 violentia,
1668 1127 1738 1169 sod

114 1203 242 1244 invito
277 1198 578 1243 rationabiliter
600 1198 783 1250 domino,
803 1197 1039 1255 (sualificati
1057 1197 1108 1240 ob
1127 1200 1480 1241 circumstantiam
1502 1210 1581 1255 qua
1606 1197 1741 1240 laedat

113 1271 234 1315 aliam
273 1272 484 1321 virtutem,
524 1283 560 1314 v.
595 1283 654 1325 gr.
676 1270 932 1325 religionem,
960 1268 1111 1311 bonum
1138 1281 1359 1311 commune
1384 1271 1554 1324 patriae,
1578 1273 1654 1311 etc.
1682 1268 1742 1311 nel

83 1344 86 1346 ’
114 1356 195 1386 non
230 1340 479 1399 qualificati,
514 1345 638 1398 atque
674 1340 715 1383 in
750 1354 810 1393 re,
843 1353 920 1383 non
955 1339 1087 1382 solum
1112 1342 1246 1395 graii,
1270 1342 1429 1382 etiamsi
1455 1338 1641 1383 absolute
1669 1353 1739 1382 seu

117 1413 289 1456 relative
323 1411 623 1465 consideretur,
658 1410 727 1454 sed
770 1409 889 1453 valde
933 1408 1123 1463 notabili,
1156 1423 1261 1466 quae
1304 1410 1475 1465 proinde
1512 1410 1740 1453 secundum

116 1499 159 1528 se
191 1482 449 1539 considerata
483 1484 535 1525 sit
578 1481 831 1543 huiusmodi,
864 1482 897 1533 t)
930 1480 1129 1533 incendii,
1174 1486 1377 1538 quatenus
1421 1483 1513 1537 igne
1559 1485 1744 1537 patratur

117 1556 313 1599 damnum
349 1555 386 1595 in
423 1551 545 1596 rebus
578 1552 722 1596 alienis
759 1566 794 1592 v.
829 1542 889 1608 gr.
923 1556 1124 1608 segetum,
1164 1551 1225 1594 vel
1262 1551 1478 1606 malitiose,
1514 1565 1591 1595 non
1631 1565 1742 1608 casu,

121 1625 182 1669 vel
217 1638 265 1668 ex
301 1623 422 1680 culpa
455 1625 578 1667 etiam
613 1625 732 1680 gravi
766 1623 836 1666 sed
871 1636 922 1666 ex
956 1622 1182 1666 deliberata
1220 1623 1516 1675 v‹›tunt:21te,acv
1541 1622 1747 1666 coldeno-

117 1695 274 1746 rabilis,
309 1700 352 1738 ut
386 1693 507 1751 paulo
539 1699 633 1737 ante
667 1695 739 1737 fuit
774 1693 850 1737 boc
898 1694 1070 1737 verbum
1115 1693 1388 1747 declaratum,
1431 1707 1571 1736 rernm
1616 1694 1744 1738 mobi-

118 1767 215 1811 lium
255 1765 318 1809 vel
351 1779 394 1809 se
429 1767 685 1808 moventium
720 1769 789 1808 aut
823 1764 1097 1808 immobilium
1132 1764 1444 1815 destructionis,
1466 1768 1518 1808 ita
1544 1770 1586 1809 ut
1611 1768 1745 1822 inepta

118 1840 215 1882 liant
249 1850 391 1881 earum
427 1838 531 1891 usui,
565 1835 609 1893 g)
639 1836 785 1893 yracis
819 1836 957 1879 damni
993 1848 1192 1892 personae
1226 1835 1357 1879 tribus
1375 1836 1642 1893 sequentibus
1667 1852 1750 1881 mo-.

118 1909 202 1953 dis:
238 1906 535 1953 mutilationis,
574 1919 654 1964 qua
690 1919 784 1963 pars
816 1909 1003 1963 corporis
1036 1909 1247 1963 proprium
1284 1906 1440 1950 liabens
1482 1907 1661 1952 officium
1696 1909 1749 1953 ab

120 1979 188 2022 illo
220 1982 451 2035 separatur,
485 1977 548 2020 vel
583 1977 905 2031 vulnerationis,
943 1991 1208 2035 quocumque
1253 1978 1321 2020 liat
1356 1979 1642 2034 instrumento,
1689 1980 1749 2023 vel

120 2048 347 2093 violentiae
380 2061 453 2106 per
486 2048 772 2100 inclusionem,
809 2048 870 2091 vel
907 2050 1236 2105 persecutionem
1289 2048 1349 2091 vet
1396 2051 1587 2092 iniustam
1631 2064 1749 2094 vexa-

120 2122 273 2164 tionem
309 2131 520 2176 personae,
555 2123 594 2162 et
626 2119 842 2177 hucusque
875 2120 1039 2162 diversa
1074 2118 1223 2162 delicta
1255 2124 1495 2163 enumerata
1531 2121 1710 2164 fuerunt.

246 2206 267 2231 <t
291 2190 436 2234 Laicus
458 2205 480 2230 ))
518 2203 617 2246 ergo
649 2189 700 2234 ob
732 2190 899 2248 aliquod
935 2191 1080 2233 borum
1116 2189 1312 2233 delictum
1353 2190 1658 2235 «damnatus»
1709 2197 1752 2235 ut

122 2274 261 2318 supra,
295 2261 386 2319 ipso
419 2261 513 2303 iure
535 2263 735 2305 canonico
769 2260 963 2304 eoeclicsus
997 2260 1215 2311 habeatur,
1240 2263 1336 2318 quin
1362 2261 1511 2318 aliquis
1535 2275 1754 2318 processus

125 2333 189 2376 vel
223 2334 425 2376 sententia
458 2330 669 2375 Ecclesiae
702 2334 952 2389 requiratur,
987 2331 1027 2389 a)
1062 2331 1111 2374 ab
1145 2331 1305 2374 aclibus
1339 2331 1540 2389 leyilimis
1563 2332 1752 2376 ecclesia-

123 2403 241 2447 sticis
273 2405 380 2446 notis
403 2403 537 2446 ex.n.⁰
563 2401 606 2445 2⁰
630 2408 737 2447 can.⁸
762 2403 889 2457 2256,
913 2408 950 2445 el
975 2402 1230 2446 cumulative
1253 2402 1298 2459 b)
1317 2416 1342 2445 α
1365 2402 1546 2460 quolibet
1568 2417 1753 2455 mamere,

123 2473 303 2533 siquod
335 2473 379 2516 in
412 2471 603 2516 Ecclesia
638 2477 693 2516 uti
727 2476 923 2517 societate
957 2472 1121 2526 habeat,
1153 2477 1192 2516 et
1215 2485 1265 2516 ne
1289 2473 1452 2516 dicatur
1482 2486 1586 2517 vane
1613 2474 1752 2518 addita

124 2544 308 2590 clausula
331 2543 409 2588 sub
434 2544 567 2587 littera
594 2543 649 2600 b),
676 2557 824 2587 munus
858 2544 1141 2600 recipiendum
1178 2548 1284 2587 esset
1317 2543 1398 2587 lato
1420 2557 1542 2588 sensu
1566 2558 1753 2602 compre·

125 2615 310 2659 hendens
327 2627 494 2672 quoque
514 2616 716 2658 recensita
733 2614 810 2658 sub
829 2627 917 2658 can.
943 2615 1067 2668 1185,
1091 2616 1129 2669 c)
1148 2613 1266 2669 firmo
1290 2627 1416 2658 onere
1437 2616 1538 2658 iuris
1557 2615 1756 2659 naturalis

126 2699 174 2730 ex
212 2687 364 2729 iustitia
387 2684 622 2743 reparandi
653 2684 822 2741 (lamna,
858 2699 963 2743 quae
987 2687 1172 2742 privatis,
1199 2688 1384 2742 personis
1409 2685 1647 2740 moralibus,
1666 2688 1756 2730 sive

124 2759 333 2801 societatis
365 2756 516 2811 civilis,
548 2758 637 2799 sive
661 2755 966 2800 ecclesiasticae
999 2755 1051 2799 ob
1076 2755 1197 2799 talem
1228 2756 1425 2800 delictum
1462 2756 1570 2800 illata
1591 2757 1754 2800 fuerint.

249 2910 260 2933 1
288 2910 331 2945 L.
363 2911 430 2945 152
456 2910 503 2944 D.
532 2910 599 2944 tit.
629 2909 736 2954 XVI,
765 2909 808 2944 L.
837 2911 871 2944 ε).
