1981 3182
138 164 235 199 san.
262 164 466 198 2321-2322
517 164 601 197 Tri:
629 163 718 196 ΧΠ.
742 184 754 188 -
774 164 830 198 De
847 165 998 198 delictis
1016 167 1151 198 contra
1171 166 1397 209 reliqz'onem
1541 154 1550 161 ⁸
1697 167 1765 199 211

137 281 468 325 Eucharisticum
493 283 744 325 sacrificium
770 298 810 334 2),
828 284 923 325 808
945 298 967 322 «
990 282 1040 325 de
1066 285 1216 325 ieiunio
1242 283 1416 326 naturali
1441 296 1461 326 3
1487 284 1620 326 media
1646 289 1765 327 nocte

134 356 300 394 servato
324 368 344 392 »
383 353 432 395 ad
470 351 622 395 licitam
659 352 998 404 celebrationem,
1030 353 1406 410 praesunvpseri'nt,
1440 354 1547 411 quod
1592 354 1763 397 verbum

142 421 349 478 «plenam
386 425 662 478 cognitionem
698 435 745 466 ae
778 422 1119 466 deliberationem
1155 426 1283 479 exigit
1305 439 1326 464 ))
1366 426 1468 476 (can.
1505 424 1631 478 2229,
1656 427 1680 477 ,ξ
1709 424 1763 479 2),

137 493 176 548 a>
209 491 385 534 Missam
429 492 569 536 eodem
612 492 680 535 [lie
724 494 895 545 iterare,
938 507 974 534 v.
1015 507 1077 549 gr.
1122 499 1308 549 quartam
1359 494 1571 537 celebrare
1619 494 1764 537 diebus

135 575 259 619 supra
292 566 548 614 memoratis,
569 564 707 620 plures
741 564 845 607 ultra
881 565 1054 620 primam
1091 566 1238 607 ceteris
1271 564 1416 608 diebus
1448 567 1535 607 sine
1564 581 1585 605 «
1608 571 1764 621 aposto-

137 632 214 675 lico
249 633 407 676 indulto
440 639 508 676 aut
544 639 742 690 potestate
778 636 882 677 facta
918 647 938 677 3
976 634 1050 677 loci
1086 631 1310 678 Ordinario
1334 650 1354 674 >)
1388 635 1495 691 (can.
1531 636 1625 680 8045,
1661 638 1685 688 ,ξ
1723 634 1762 691 1)

136 702 287 747 ibidem
323 703 555 749 declaratis,
593 704 631 759 b)
667 704 727 746 rel
759 718 849 747 eam
884 704 1095 747 ,celebrare
1128 719 1207 747 non
1245 705 1377 748 ieiuni
1411 708 1520 748 iuxta
1556 708 1622 748 cit.
1657 718 1761 760 can,

134 777 206 816 etsi
241 774 368 817 semel
407 777 442 816 in
477 775 542 818 die
575 780 698 831 alque
732 775 780 817 ad
817 777 1209 819 communicandum
1258 778 1480 828 intirmum,
1520 777 1580 819 iel
1615 790 1760 819 secun-

133 845 227 887 dam
261 845 336 888 sibi
374 845 524 888 licitam
550 846 619 888 sed
649 850 735 901 post
769 846 992 889 ablutionis
1025 850 1317 903 sumptionem,
1352 853 1389 890 et
1423 846 1499 890 boc
1532 848 1758 890 secundum

133 914 289 971 absque
329 915 407 958 ulla
453 919 709 972 exceptione,
746 922 785 959 ut
820 917 1030 973 colligitur
1063 931 1111 961 ex
1148 921 1339 974 negativa
1386 932 1489 973 resp.
1524 920 1561 961 S.
1597 917 1762 974 Congr.⁸

130 987 168 1028 5.
204 982 340 1029 Officii
374 985 645 1043 (Vallisprat.)
668 987 705 1030 ¹:
746 1004 764 1027 ((
789 988 839 1031 Se
875 1002 946 1044 per
981 992 1149 1045 ragione
1183 990 1221 1032 di
1256 989 1451 1032 scandalo
1485 1004 1506 1029 o
1541 990 1579 1031 di
1614 991 1759 1031 ammi-

133 1057 293 1099 razione
325 1059 356 1099 si
393 1070 509 1112 possa
543 1059 739 1113 giammui
775 1058 988 1102 celebrare
1013 1059 1048 1101 la
1072 1061 1248 1103 seconda
1282 1074 1411 1103 messa
1436 1061 1542 1116 dopo
1569 1060 1601 1102 la
1630 1061 1759 1115 prima

131 1127 296 1182 quando
337 1127 402 1183 gia
437 1126 458 1170 e
491 1134 595 1171 stato
646 1130 823 1172 infranto
869 1130 891 1172 il
938 1131 1171 1186 digiuno»,
1207 1132 1417 1187 praedicto
1465 1130 1759 1188 qualicumque

131 1198 282 1241 delicto
329 1210 372 1242 se
422 1199 676 1243 maculantes
721 1201 763 1255 («
792 1200 929 1244 verbis
978 1204 1254 1257 praeceptivis
1304 1205 1472 1244 utitur»
1521 1214 1664 1250 canon,
1712 1213 1759 1243 ac

135 1270 390 1313 «ordinarie
423 1284 552 1327 poena
586 1284 763 1328 sequens
798 1272 1020 1327 infligenda
1056 1277 1159 1315 est»
1198 1273 1246 1315 ad
1283 1286 1469 1315 normam
1504 1284 1592 1316 can.
1630 1271 1757 1325 2223,

128 1339 217 1398 ξ3,
242 1347 285 1384 ut
321 1344 357 1384 in
393 1354 474 1398 quo
510 1347 787 1397 peccaverunt
824 1342 1079 1399 puniantur),
1103 1343 1416 1400 suspemlanlm·
1449 1358 1472 1385 a
1507 1342 1664 1386 Missae
1696 1356 1756 1383 ce-

130 1409 362 1454 lebratione
389 1428 410 1452 «
436 1425 564 1468 poena
599 1412 791 1470 equidem
832 1414 1083 1456 vindicativa
1107 1430 1126 1454 »
1151 1420 1259 1469 (can.
1282 1414 1406 1465 2298,
1428 1413 1489 1470 22⁰)
1510 1413 1564 1455 ad
1599 1419 1756 1470 {empus

84 1477 88 1482 ’
131 1480 179 1523 ab
218 1480 451 1525 mutiam-50
485 1482 575 1525 loci.
614 1483 677 1526 vel
711 1486 742 1525 si
777 1484 971 1527 sacerdos
1007 1487 1208 1540 pertineat
1235 1501 1256 1525 <z
1280 1485 1328 1527 ad
1367 1485 1606 1540 religionem
1642 1483 1758 1525 cleri-

129 1551 260 1595 calem
297 1557 532 1609 exemptam
560 1570 579 1594 ³>
602 1553 668 1597 'ab
702 1557 790 1597 eius
822 1555 1043 1610 Superiore
1080 1558 1234 1599 maiore
1269 1555 1377 1612 (can.
1419 1556 1510 1609 198,
1542 1556 1570 1612 {3
1605 1554 1659 1610 1),
1694 1568 1753 1595 se-

129 1623 308 1666 eundum
350 1623 517 1666 diversa
563 1638 701 1667 rernm
744 1625 972 1675 ‹ulianam-
1012 1640 1176 1682 semper
1220 1632 1354 1669 tamen
1394 1628 1602 1682 supposita
1640 1638 1754 1682 prae-

126 1696 361 1749 sumptione
395 1695 444 1737 ad
484 1695 645 1752 singula
690 1695 791 1739 llaec
835 1697 998 1750 delicta,
1034 1697 1194 1754 illisque
1237 1698 1442 1740 adiunctis
1485 1696 1756 1739 consideratis

125 1763 387 1808 solummodo
417 1781 436 1806 ((
460 1766 509 1809 ad
536 1771 698 1822 tempus
722 1783 742 1806 n
768 1767 1104 1824 praefiniemlmn
1130 1781 1297 1824 poenae,
1322 1768 1629 1824 supputandum
1660 1783 1681 1807 «
1704 1767 1754 1809 de

131 1840 338 1878 momento
371 1836 420 1879 ad
458 1843 711 1879 momentum
748 1843 785 1880 et
822 1852 982 1881 menses
1015 1845 1232 1881 sumantur
1267 1844 1385 1895 prout
1420 1844 1511 1881 sunt
1547 1841 1582 1880 in
1618 1837 1753 1880 calen-

124 1905 241 1949 dario
264 1921 286 1946 ›>
323 1906 431 1962 (can.
467 1907 534 1961 34,
568 1910 593 1961 ἓ
628 1907 682 1964 2).

247 1977 345 2020 161.
378 1980 638 2025 Ministerii
672 1983 998 2026 sacerdotalis
1031 1984 1301 2038 usurpatio.
1325 2007 1376 2011 —
1402 1981 1551 2024 Bened.
1590 1979 1677 2022 xtv
1713 1982 1750 2022 in

123 2059 194 2091 sua
220 2053 347 2091 const.
374 2064 392 2089 «
416 2050 618 2092 Sacerdos
653 2053 689 2093 in
724 2056 937 2094 aeternum
968 2070 981 2089 ›>
1009 2051 1035 2095 ².
1056 2053 1131 2095 sub
1158 2055 1270 2095 initio
1295 2055 1541 2108 gravitatem
1577 2064 1751 2108 sequen·

125 2121 224 2161 tium
260 2118 436 2162 duorum
472 2122 692 2164 criminum
728 2122 896 2178 detegit,
932 2137 979 2165 ac
1015 2123 1224 2165 historiam
1258 2126 1357 2165 texit
1380 2127 1539 2166 const.m
1562 2124 1750 2165 Summo-

126 2202 214 2232 rum
262 2189 504 2234 Pontilicum
554 2191 663 2234 Pauli
707 2191 749 2240 V,
784 2194 885 2236 Sixti
930 2192 971 2240 Υ,
1006 2194 1134 2237 (ilem.
1173 2193 1253 2236 Ylll
1300 2199 1337 2236 et
1382 2193 1533 2237 Urbani
1577 2192 1661 2235 vttt
1701 2192 1750 2235 de

125 2260 245 2303 modo
280 2261 529 2317 procedendi
565 2263 612 2304 ad
650 2266 903 2318 punitionem
941 2264 1174 2307 huiusmodi
1209 2264 1553 2321 delinquentium,
1578 2276 1748 2306 excusa-

124 2333 254 2374 tiones
287 2345 381 2375 cum
416 2332 664 2376 discretione
700 2337 904 2379 reiiciens.
931 2340 1052 2392 atque
1086 2350 1134 2378 ex
1172 2335 1237 2378 illa
1274 2341 1425 2379 rectam
1461 2349 1624 2378 sumere
1660 2349 1749 2390 pos-

121 2414 265 2445 sumus
298 2404 681 2459 interpretationem
725 2411 830 2448 conf
862 2407 1000 2455 2392,
1035 2409 1152 2449 cuius
1194 2409 1459 2449 severitatem
1504 2419 1582 2448 non
1628 2408 1748 2448 mira-

123 2471 259 2534 bimur
290 2474 600 2518 considerantes
638 2491 659 2516 c(
681 2477 789 2533 quod
830 2480 877 2531 si,
913 2480 1022 2520 iuxta
1060 2478 1207 2534 Legem
1244 2477 1388 2535 Moysi,
1421 2478 1666 2521 accedentes
1699 2477 1747 2519 ad

120 2543 408 2587 sanctuarium
435 2544 532 2587 illud
561 2547 856 2601 manufactum,
875 2553 943 2590 aut
969 2548 1223 2591 thuribulum
1250 2562 1421 2592 aureum
1442 2548 1493 2592 ab
1514 2548 1750 2591 bominibus

120 2613 303 2657 effictum
347 2627 469 2658 manu
514 2618 774 2672 arripientes
809 2624 974 2674 praeter
1007 2633 1088 2671 eos,
1122 2621 1189 2676 qui
1225 2633 1271 2662 ex
1309 2620 1522 2676 designata
1570 2619 1674 2663 tribu
1710 2624 1750 2661 et

121 2684 274 2727 familia
323 2687 526 2741 originem
575 2686 788 2743 ducerent,
826 2691 914 2731 sine
963 2689 1042 2732 ulla
1094 2692 1358 2733 miseratione
1408 2693 1526 2733 morti
1576 2690 1747 2746 deputa-

120 2754 290 2809 bantur3
325 2761 478 2813 quanto
514 2760 644 2814 magis
678 2759 904 2814 putandum
930 2755 1219 2804 est'‹tete1·t01·a
1253 2762 1453 2818 supplicia
1490 2764 1638 2804 mereri
1663 2775 1746 2815 eos,

124 2907 214 2942 1744
240 2861 250 2882 ¹
277 2862 299 2894 2
326 2861 416 2897 Dec.
446 2862 547 2906 1874,
578 2862 739 2897 Collect.
769 2863 805 2898 S.
833 2864 874 2899 C.
904 2865 949 2899 de
977 2866 1091 2911 Prop.
1122 2866 1227 2907 Fide,
1257 2879 1292 2901 n.
1325 2868 1423 2902 1425.
1465 2889 1505 2893 -
1540 2869 1553 2890 2
1579 2869 1624 2901 :20
1651 2868 1744 2911 Apr.
