1981 3182
0 0 163 42 PGH-⁷²⁸*
179 0 236 15 ν-ἵ“’
285 0 296 13 ΐ”
358 0 370 10 'l
393 0 396 3 “
429 0 443 6 “’

101 132 193 167 Gan.
220 132 313 167 ‘2368
399 112 401 115 -
480 133 563 166 Tt‘r.
594 133 699 166 XVI.
728 154 739 158 -
767 133 823 168 De
840 134 990 168 delictis
1010 137 1050 168 ἱη
1071 136 1221 169 admira.
1243 135 1350 170 Sacr.
1653 138 1722 171 285

107 267 129 293 c<
150 254 419 306 suspensione
442 264 463 295 3
487 251 766 296 celebratione
790 251 935 295 Missae
960 252 1004 308 »)
1030 255 1066 295 in
1093 253 1203 296 dec.⁰
1229 253 1376 297 Bened.
1398 254 1486 297 xlv
1507 256 1574 298 die
1599 256 1622 297 ὃ
1646 255 1726 299 Au-

102 324 210 378 gusti
232 335 296 366 an.
325 323 434 365 1745
460 325 771 379 praescriptam,
796 336 884 365 esse
909 327 1066 366 tantuin
1091 323 1296 380 serendae
1319 326 1563 368 sententiae.
1590 325 1724 370 Absti-

104 393 284 436 nendum
320 398 454 436 tameu
480 395 555 436 erit
580 393 631 436 ab
656 393 876 449 infligenda
902 393 1199 448 degradatione
1233 399 1270 438 et
1305 395 1524 439 traditione
1557 396 1727 440 brachio

102 463 318 509 saeculari.
355 463 395 507 ld
430 467 624 507 nimirum
660 477 680 507 a
715 463 836 520 Greg.
871 462 944 506 XV
978 468 1174 507 statutum
1210 466 1306 508 fuit:
1342 470 1527 510 ceterum
1562 467 1612 510 ad
1649 472 1726 510 ter·

105 547 240 578 rorem
276 537 409 591 potius
443 537 677 591 impositum
716 534 855 577 baberi
890 534 1025 577 debet.
1060 548 1182 592 quam
1221 541 1262 578 ut
1294 539 1527 579 executioni
1564 539 1729 581 mande-

106 610 233 648 tur».
261 605 359 648 Puto
394 605 430 648 id
468 619 575 649 nunc
610 605 922 661 intelligendum
959 618 1048 648 esse
1075 611 1115 648 ut
1142 606 1381 661 plurimum,
1405 621 1476 650 seu
1506 612 1730 665 «exceptis

105 676 268 720 casibus
301 678 609 733 gravioribus»
647 676 696 719 3(1
733 689 919 719 normam
955 679 1138 719 canonis.

222 747 703 790 Excommunicationem
737 747 911 789 eandem
946 746 1023 790 sub
1058 747 1116 789 11.Ο
1151 746 1199 789 lv
1236 750 1341 790 inter
1374 756 1551 792 exc-oum
1577 752 1728 793 nemini

106 823 339 862 reservatas
374 820 618 861 recensitam
665 819 702 859 in
746 822 875 860 const.
915 833 936 857 «
959 817 1221 874 Apostolicae
1254 818 1371 861 Sedis
1395 835 1415 859 »
1457 820 1511 861 Pii
1547 820 1599 863 IX
1634 834 1728 864 con-

104 893 242 933 servat
274 889 365 931 aliis
396 887 590 931 adhibitis
627 886 764 931 verbis
796 887 994 931 claritatis
1032 901 1154 931 causa
1188 891 1209 943 ξ
1244 889 1280 931 2.
1323 888 1482 932 Fidelis
1517 904 1625 943 vero,
1658 891 1730 948 qui

104 960 298 1011 scienter,
321 959 429 1017 quod
458 958 628 1002 verbum
659 958 862 1015 «plenam
888 962 1166 1015 cognitionem
1202 973 1250 1003 ac
1283 960 1625 1004 deliberationem
1650 964 1732 1004 exi-

105 1032 162 1086 git
185 1046 206 1071 ³)
236 1030 343 1088 (can.
370 1029 495 1085 2229,
518 1029 546 1087 ξ
571 1029 627 1086 2),
651 1043 824 1086 nempe:
860 1035 943 1073 tum
979 1030 1029 1073 de
1064 1030 1315 1087 obligatione
1350 1031 1620 1074 denuntiandi
1646 1036 1729 1074 tum

105 1102 155 1144 de
189 1102 341 1144 inflicta
376 1113 565 1154 censura,
599 1105 638 1143 et
680 1103 738 1143 sic
782 1101 970 1143 omiserit
1015 1115 1120 1152 eum,
1158 1101 1373 1146 videlicet:
1414 1103 1731 1151 «sacerdotem,

107 1185 220 1215 reum
266 1171 403 1215 delicti
448 1171 748 1214 sollicitationis
793 1174 828 1214 in
874 1173 1145 1226 consessione,
1180 1173 1228 1215 ad
1266 1186 1453 1216 normam
1488 1175 1553 1216 cit.
1589 1179 1734 1216 const.s

108 1243 314 1286 Benedici.
351 1241 438 1285 xlv
464 1258 502 1296 n,
538 1256 561 1284 a
597 1256 674 1299 quo
707 1242 964 1285 sollicitatas
998 1242 1131 1299 fecerit
1157 1257 1235 1286 uno
1270 1257 1320 1287 ex
1356 1244 1488 1287 modis
1522 1246 1734 1287 recensitis

34 1331 40 1334 ·
107 1317 145 1357 in
179 1314 324 1358 eadem
358 1316 664 1368 constitutione,
699 1314 813 1356 intra
840 1328 1016 1356 mensem
1040 1316 1230 1369 cognitae
1254 1314 1518 1371 obligationis
1539 1315 1615 1358 sub
1639 1329 1731 1358 cen-

106 1397 215 1439 sura,
248 1385 555 1441 supputandum
595 1401 617 1425 «
640 1385 690 1428 de
726 1390 933 1428 momento
967 1385 1015 1428 ad
1055 1390 1308 1428 momentum
1337 1402 1377 1435 »,
1400 1391 1523 1442 atque
1556 1386 1605 1429 ad
1642 1399 1732 1428 not·-

110 1468 216 1498 1113111
251 1468 338 1499 can.
376 1455 444 1508 34,
476 1456 504 1514 ξ
538 1455 561 1498 2
595 1455 671 1499 sub
704 1456 982 1509 distinctione,
1016 1458 1112 1513 quia
1158 1472 1177 1495 «
1202 1461 1363 1512 teinpus
1406 1456 1546 1499 utile»
1587 1456 1734 1499 intelli-

108 1529 231 1584 gitur3
265 1525 529 1581 denuntiare,
555 1532 677 1584 atque
702 1526 951 1569 iudicialiter
974 1527 1158 1584 quidem,
1182 1527 1242 1569 vel
1278 1527 1422 1570 saltem
1456 1528 1737 1571 denunciatio·
1779 1560 1782 1563 .

111 1612 202 1641 nem
235 1613 255 1640 a
290 1612 333 1641 se
367 1598 597 1642 faciendam
632 1598 843 1655 Superiori
886 1603 1022 1641 notam
1063 1599 1213 1652 facere,
1248 1604 1394 1641 eontra
1426 1599 1733 1656 praescriptum

109 1683 199 1713 can.
234 1671 328 1712 904
362 1668 415 1712 ibi
450 1669 718 1725 explicatum,
754 1670 934 1711 incurri!
967 1672 1104 1712 statim
1139 1682 1187 1713 ac
1220 1669 1455 1713 declaratus
1490 1672 1639 1713 mensis
1667 1684 1737 1713 ex-

112 1739 236 1796 plicit,
270 1739 310 1782 in
345 1739 812 1783 eoeeommweicationem
850 1740 964 1782 latae
996 1740 1231 1782 sententiae
1268 1743 1303 1782 11
1342 1740 1462 1783 liuius
1490 1743 1658 1783 canonis
1691 1754 1737 1784 ac

112 1817 264 1867 praec.3
296 1812 397 1854 iuris
430 1810 588 1853 nemini
620 1817 897 1864 reservamur,
933 1811 1026 1854 ltinc
1061 1810 1112 1854 ab
1145 1824 1189 1854 ea
1231 1816 1405 1866 «potest
1446 1811 1665 1855 absolvere
1699 1814 1735 1854 in

111 1883 198 1925 foro
245 1881 534 1926 sacramentali
584 1882 755 1939 quilibet
807 1884 1128 1926 confessarius»
1170 1882 1278 1939 (can.
1315 1882 1440 1936 9233,
1482 1896 1518 1926 11.
1555 1882 1640 1939 l⁰):
1674 1883 1738 1926 liic

113 1955 579 2009 lamen‘praescriptutn
615 1967 793 2010 sequens
825 1953 1050 1996 observare
1083 1953 1229 1997 debet:
1264 1968 1344 1995 mm
1370 1952 1642 1996 absolvendas
1672 1953 1738 1996 ille

116 2023 338 2067 «tidelis»
376 2024 426 2067 de
459 2037 540 2081 quo
575 2026 611 2066 in
646 2025 704 2082 ξ’),
752 2024 838 2067 wisi
879 2030 1101 2081 postquam
1140 2038 1159 2067 a
1173 2034 1179 2072 j:-
1211 2024 1447 2080 praedictae
1491 2023 1740 2081 oblt'yaliom'

111 2093 369 2152 satisfecerit
394 2097 541 2151 reipsa,
568 2094 608 2151 b)
633 2101 705 2137 aul
740 2110 782 2137 se
814 2095 1140 2151 satisfaciat-um
1174 2095 1284 2137 serio
1320 2097 1431 2138 iuxta
1467 2097 1737 2138 circumstan-

113 2167 188 2208 tias
218 2164 477 2223 promiserit,
510 2165 586 2209 sub
619 2179 698 2223 qua
732 2168 1002 2222 promissione
1042 2168 1236 2208 «serio»
1276 2165 1369 2208 data
1394 2165 1518 2209 semel
1545 2178 1592 2209 ac
1615 2168 1737 2209 etiam

113 2238 261 2279 iterum
295 2235 454 2280 absotvt
492 2242 639 2292 posset,
672 2250 781 2288 nani,
818 2243 856 2280 ut
895 2235 1139 2292 praescribit
1173 2236 1415 2283 03112248,
1449 2236 1477 2294 ξ
1511 2236 1547 2290 2,
1578 2252 1599 2277 «
1622 2235 1738 2279 abso-

114 2307 212 2350 lutio
246 2307 443 2363 denegari
480 2310 620 2364 nequit
653 2321 744 2351 cum
784 2310 962 2363 primum
997 2307 1243 2364 delinquens
1266 2320 1286 2350 a
1312 2310 1572 2351 coutumacia
1608 2321 1738 2351 reces-

111 2380 213 2421 serit
244 2378 294 2421 ad
330 2391 514 2421 normam
552 2390 640 2422 cau.
677 2379 803 2431 2242,
835 2379 863 2436 ᾗ
897 2379 919 2420 3
944 2394 983 2423 ».
1020 2404 1072 2409 —
1110 2377 1282 2421 Domum
1320 2380 1540 2421 memorari
1580 2383 1740 2434 oportet

118 2448 444 2492 Declarationem
480 2450 517 2492 S.
543 2450 584 2492 (J.
609 2450 647 2492 S.
672 2447 806 2494 Officii
834 2450 860 2490 ¹.
903 2466 920 2490 (ι
946 2449 998 2492 Le
1022 2449 1284 2493 Costituzioni
1311 2450 1520 2505 pontilicie
1553 2454 1741 2492 emanate

114 2512 260 2561 eontra
293 2518 574 2562 sollicitantes
597 2521 907 2576 comprendono
932 2525 1034 2563 tutte
1058 2519 1095 2562 le
1119 2522 1291 2573 nazioni,
1315 2519 1363 2563 ed
1397 2522 1434 2562 in
1460 2532 1740 2576 conseguenza

114 2587 200 2632 cosi
233 2589 454 2647 obbligano
490 2593 498 2632 i
533 2593 644 2646 greci
680 2604 797 2634 come
829 2592 883 2648 gli
919 2592 1140 2635 armeni».

235 2661 330 2704 211.
368 2662 557 2708 Delicta
590 2664 637 2706 in
670 2664 885 2719 sigillum
919 2664 1297 2709 sacramentale.
1343 2688 1395 2692 —
1439 2661 1554 2705 Nova
1590 2666 1649 2704 est
1681 2675 1742 2704 se-

115 2744 247 2787 quens
270 2730 375 2774 latae
398 2735 627 2775 sententiae
653 2745 795 2788 poena,
817 2735 889 2775 etsi
910 2734 1126 2788 graviores
1144 2732 1338 2775 ferendae
1356 2734 1584 2776 sententiae
1608 2732 1744 2775 adbuc

236 2885 246 2905 ¹
278 2884 319 2918 13
346 2884 434 2918 Iun.
467 2884 568 2918 1710.
598 2884 760 2918 Collect.
791 2884 827 2918 S.
859 2885 1003 2930 Congr.
1034 2884 1079 2918 de
1106 2885 1220 2929 Prop.
1249 2884 1309 2927 F„
1340 2896 1377 2918 n.
1406 2884 1488 2919 279.
