1981 3182
211 114 283 147 214
592 113 677 153 Liss.
701 113 746 146 V.
768 134 778 138 -
799 113 908 148 PARS
926 113 997 148 III.
1016 133 1031 140 -
1048 114 1105 149 De
1117 118 1256 159 poenis
1275 118 1315 149 z'n
1334 116 1474 150 delicta
1625 116 1719 153 Can.
1745 117 1840 153 2323

212 232 283 275 Dei
318 235 387 290 qui
421 232 587 290 aliquod
623 232 771 276 salsum
805 233 856 276 de
890 232 974 276 Deo
1007 236 1166 288 asserit,
1200 246 1322 290 quam
1359 236 1427 291 qui
1473 248 1545 290 per
1582 248 1733 278 nomen
1769 235 1840 279 Dei

209 303 375 361 aliquod
413 303 559 346 falsum
595 304 876 357 confirmat»,
915 304 1024 361 quod
1063 306 1228 360 proprie
1269 306 1495 360 periurium
1530 305 1696 350 dicitur.
1729 306 1841 350 Haec

208 375 289 418 duo
323 374 471 418 delicta
517 376 768 418 coniunctim
817 377 991 430 percutit
1044 377 1185 431 poenis
1218 389 1309 417 ean.
1342 376 1481 418 2323.
1520 374 1615 431 Qui,
1649 376 1839 431 ctericus,

206 446 350 501 laicus,
384 447 544 489 etiamsi
584 445 784 489 alteruter
810 447 877 500 ‚sit
921 445 1152 501 religiosus,
1187 444 1552 503 blasphemaverit,
1590 446 1653 490 vel
1697 452 1741 490 ut
1784 451 1838 491 ait

204 516 326 574 Greg.
373 516 482 571 tx1‚
530 521 716 559 «contra
767 515 897 559 Deum
951 517 1012 559 vel
1063 516 1243 573 aliquem
1294 522 1530 559 sanctorum
1580 530 1748 560 suorum
1800 523 1837 561 et

205 591 386 631 maxime
419 588 585 631 Beatam
626 585 853 643 Virginem,
888 587 1069 644 linguam
1107 590 1145 629 in
1181 586 1479 643 blasphemiam
1520 587 1836 641 relaxaverit»,

203 659 312 717 quod
351 671 545 702 «nomen
582 661 807 715 importare
844 659 1008 701 videtur
1041 658 1249 715 quandam
1300 657 1611 714 derogationem
1661 658 1837 703 alieuius

200 730 444 774 excellentis
487 729 693 780 bonitatis,
739 732 919 772 maxime
964 729 1132 771 divinae
1159 729 1230 769 )>‘².
1275 728 1411 785 Atque
1449 731 1597 772 «sicut
1644 728 1752 773 Deus
1796 732 1833 773 in

197 804 354 845 sanctis
402 803 486 844 suis
536 800 741 850 laudatur,
776 802 1020 856 inquantum
1057 799 1278 842 laudantur
1326 812 1450 855 opera
1494 812 1600 857 quae
1641 799 1752 844 Deus
1794 803 1833 844 in

195 874 354 916 sanctis
386 872 525 925 eflicit,
560 873 613 914 ita
647 875 686 913 et
720 870 974 926 blasphemia
1010 883 1116 927 quae
1151 872 1191 912 tit
1219 873 1255 912 in
1281 875 1457 924 sanctos,
1482 884 1530 913 ex
1562 874 1832 928 consequenti

201 946 238 986 in
274 943 403 986 Deum
440 942 642 985 redundat
666 956 705 984 )),
745 940 900 983 «Deus
948 946 1099 986 autem.
1135 945 1176 983 ut
1212 940 1435 997 Dionysius
1467 940 1567 983 dicit
1591 941 1619 993 ³,
1653 945 1711 984 est
1746 943 1832 997 ipsa

197 1016 375 1058 essentia
426 1026 551 1056 x‘erae
597 1012 831 1055 bonitatis...
867 1012 1131 1069 Quicumque
1165 1025 1264 1068 ergo
1310 1011 1373 1055 vel
1418 1016 1541 1067 negat
1582 1011 1736 1069 aliquid
1782 1013 1832 1056 de

199 1085 283 1128 Deo
317 1084 425 1142 quod
462 1085 743 1136 etconvenit,
780 1082 843 1125 vel
889 1084 1033 1125 asserit
1067 1082 1118 1125 de
1151 1081 1236 1125 Deo
1269 1082 1378 1139 quod
1423 1084 1459 1125 ei
1501 1095 1580 1125 non
1621 1085 1829 1139 convenit,

195 1156 369 1211 derogat
413 1154 581 1196 divinae
626 1152 810 1196 bonitati.
845 1152 884 1195 Si
920 1154 1115 1195 consistat
1159 1157 1316 1195 tantum
1354 1155 1391 1194 in
1426 1151 1565 1205 corde,
1601 1157 1659 1195 est
1693 1153 1831 1196 cordis

195 1226 474 1282 blasphemia:
515 1227 547 1267 si
586 1229 723 1267 autem
773 1225 957 1267 exterius
1008 1224 1178 1279 prodeat
1227 1236 1299 1279 per
1348 1223 1612 1277 locutionem,
1646 1229 1705 1266 est
1747 1226 1830 1267 oris

197 1297 515 1354 blasphemia»,
550 1296 601 1339 de
644 1307 724 1353 qua
770 1296 937 1351 proprie
982 1295 1163 1352 loquitur
1202 1307 1347 1347 canon,
1382 1296 1449 1350 qui
1494 1294 1645 1337 deinde
1688 1307 1827 1350 prose-

193 1371 355 1426 quitur:
408 1367 469 1410 rel
513 1367 753 1425 periurium
785 1365 966 1410 scilicet:
1018 1366 1280 1409 mendacium
1328 1367 1559 1408 iuramento
1603 1366 1826 1419 firmatum,

192 1443 288 1498 quia
313 1444 355 1483 ut
380 1438 525 1496 probat
549 1443 588 1481 et
611 1437 791 1494 explicat
815 1437 860 1480 D.
886 1437 1064 1479 Thomas
1083 1438 1120 1479 ⁴:
1161 1452 1182 1477 ((
1206 1436 1359 1479 falsitas
1392 1440 1451 1478 est
1475 1435 1526 1478 de
1549 1437 1708 1479 ratione
1741 1450 1829 1492 per-

194 1514 287 1555 iurii
315 1528 352 1557 »,
386 1510 456 1554 sed
494 1511 715 1566 praecipue
761 1508 1076 1564 intelligendum
1111 1512 1170 1550 est
1204 1508 1255 1550 de
1290 1509 1522 1549 iuramento
1561 1509 1826 1563 promissorio

194 1587 336 1627 contra
371 1581 489 1639 quod*
516 1583 711 1623 emissum
757 1579 907 1635 aliquis
950 1581 1080 1635 egerit
1116 1577 1180 1621 vet
1216 1580 1401 1621 omiserit
1434 1577 1663 1634 quidquam
1702 1593 1722 1618 (t
1746 1591 1826 1621 non

194 1655 454 1704 necessitate,
478 1652 548 1695 sed
577 1651 788 1694 votuntate
810 1666 851 1704 »‚
878 1655 918 1693 ut
945 1650 1094 1706 legitur
1120 1653 1157 1692 in
1183 1662 1272 1705 cap.
1299 1649 1351 1691 10
1381 1664 1402 1689 α
1425 1649 1475 1691 de
1509 1649 1776 1692 iureiurando
1799 1665 1820 1689 »

192 1725 257 1782 (lt,
294 1724 379 1781 ⁵24).
415 1723 594 1766 Additur
629 1725 666 1764 in
702 1734 860 1765 canone
894 1726 1015 1763 extra
1050 1719 1268 1775 iudicium,
1302 1721 1397 1776 qum
1433 1721 1470 1760 in
1508 1719 1660 1761 iudicio
1695 1722 1825 1774 periu-

190 1799 297 1840 rium
333 1800 391 1839 est
425 1807 447 1838 a
482 1794 618 1837 iudice
654 1792 919 1849 peniendum,
956 1791 1224 1837 commiserit,
1249 1790 1358 1848 quod
1396 1788 1569 1833 verbum
1605 1791 1727 1832 etiam
1764 1792 1823 1832 iu-

189 1871 422 1910 ramentum
457 1866 725 1908 assertorium
760 1864 942 1919 respicit,
976 1876 1068 1905 cum
1111 1862 1312 1904 adversus
1358 1862 1668 1917 prfflnissorium
1714 1862 1822 1903 iura-

189 1942 373 1981 mentum
423 1937 680 1992 frequentius
726 1936 949 1977 omissione
998 1935 1235 1989 peieretur:
1289 1934 1544 1990 quicumque
1593 1933 1730 1986 igitur,
1782 1936 1822 1974 ut

186 2010 343 2052 dictum
388 2012 460 2051 est.
495 2007 754 2063 delinquens,
786 2004 989 2062 prudenti
1022 2017 1198 2060 nempe:
1244 2004 1579 2046 circumstantias
1622 2014 1822 2058 personae

185 2092 389 2136 casusque
425 2077 717 2134 perpendentis
754 2074 981 2118 Orcliuari'z'
1009 2091 1030 2115 (t
1054 2077 1207 2131 proprii
1231 2089 1253 2114 ))
1283 2074 1390 2131 (can.
1417 2073 1490 2129 94)
1529 2072 1819 2130 delinquentis,

185 2153 274 2193 sire
309 2150 400 2201 loci„
434 2151 524 2192 sive
557 2149 791 2203 Superioris
826 2148 994 2189 maioris
1027 2145 1161 2202 quoad
1198 2144 1411 2200 religionis
1444 2142 1648 2187 clericalis
1679 2156 1819 2186 exem-

184 2226 278 2277 ptae
312 2220 516 2272 alumnos,
549 2217 743 2269 arbitrio,
777 2217 885 2272 quod
920 2230 963 2259 se
998 2216 1121 2259 refert
1156 2228 1234 2258 nou
1279 2215 1328 2257 ad
1374 2226 1531 2271 poenae
1568 2213 1818 2256 determina-

184 2294 336 2334 tionem
374 2295 514 2346 utpote
548 2289 644 2346 quid
690 2287 1101 2343 subintelligeiulum,
1136 2286 1207 2329 sed
1255 2285 1353 2328 illud
1393 2301 1412 2325 ((
1440 2284 1612 2328 verbum
1657 2288 1718 2327 est
1762 2285 1816 2327 fa-

182 2362 429 2406 cultativum
454 2376 476 2401 ›>
515 2360 641 2403 relate
675 2361 724 2402 ad
759 2359 1106 2414 significationem
1144 2356 1283 2400 verbi:
1322 2355 1531 2413 pum'otm'
1562 2354 1685 2398 modo
1728 2357 1816 2411 qui-

181 2433 275 2476 dem
326 2431 596 2488 disciplinari.
645 2432 714 2488 qui
764 2429 815 2472 ad
866 2441 1017 2485 poenas
1066 2430 1330 2484 restringitur
1379 2438 1598 2483 expressas
1645 2427 1684 2468 in
1725 2438 1816 2469 can.

183 2504 309 2557 1933,
344 2504 371 2561 ξ
405 2503 442 2545 4.

302 2574 396 2616 163.
432 2575 622 2619 Delicta
644 2575 776 2619 circa
798 2573 1045 2629 stipendia
1068 2572 1343 2616 missarum.
1362 2595 1416 2600 —
1439 2568 1683 2612 Sanctiones
1718 2580 1813 2623 poe-

180 2658 327 2688 narum
361 2657 412 2687 ex
445 2643 561 2687 Dee.0
591 2659 613 2684 α
635 2642 684 2687 Ut
718 2642 856 2686 debita
881 2658 900 2683 ))
938 2643 976 2685 S.
1011 2640 1177 2697 Congu-f
1209 2639 1381 2685 Cone.³⁵
1416 2641 1504 2695 ipso
1539 2639 1645 2682 facto
1680 2640 1815 2682 incur-

298 2775 308 2796 1
338 2773 427 2818 Cap.
454 2774 486 2813 2,
506 2772 551 2806 de
571 2772 786 2815 maledicis,
809 2771 873 2805 tit.
895 2772 953 2814 26,
979 2770 1046 2804 tib.
1067 2770 1110 2803 V.
1133 2791 1179 2794 -—
1196 2770 1209 2791 ‘2
1230 2769 1276 2803 D.
1298 2768 1370 2803 Th.
1391 2768 1500 2811 11-11‚
1522 2779 1558 2813 q.
1579 2768 1692 2810 XIII,
1722 2778 1755 2801 a.
1778 2770 1810 2800 ]..

180 2833 284 2866 corp.
314 2826 353 2855 et
379 2821 427 2855 ad
452 2820 601 2871 (ΖΨ-ἓ
628 2820 685 2853 De
712 2819 791 2854 div.
809 2830 912 2852 nom.
931 2829 1009 2862 cap.
1033 2820 1063 2851 1.
1100 2838 1129 2842 -
1157 2819 1170 2839 4
1198 2817 1306 2859 II-IL
1328 2828 1362 2861 q.
1384 2815 1563 2856 XCVIII,
1589 2827 1621 2849 a.
1650 2818 1683 2858 1,
1713 2826 1744 2848 o.
1770 2835 1810 2838 —

178 2870 193 2891 5
222 2871 263 2902 11
292 2868 387 2902 Maii
416 2868 519 2908 1904,
550 2874 617 2901 uns
647 2868 722 2909 1⁵20,
754 2866 828 2900 130.
