1981 3182
526 161 609 194 ΤιΤ.
637 159 764 193 XVII.

153 279 198 316 ab
230 277 418 314 Ordinario
456 281 652 313 coerceatur
690 276 732 311 ad
767 286 932 310 normam

157 337 234 362 can.
261 323 368 360 0182-
372 323 477 360 2185.

203 372 288 408 Cla.
315 370 419 407 2383.
447 393 464 398 -
486 371 658 407 Paroehus
676 370 733 416 qui
765 368 932 421 paroecia

158 420 206 456 les
233 420 339 455 libros
364 419 561 472 diligenter,
586 418 629 453 ad
658 428 816 452 normam
837 427 931 457 iuris

157 478 227 502 non
255 466 499 512 conscripserit
516 471 575 500 aut
594 464 794 505 servaverit,
822 474 842 498 a
858 473 933 508 pro-

158 515 232 560 prio
259 513 448 550 ordinario
466 523 526 559 pro
543 512 713 558 gravitate
736 511 857 557 culpae
877 521 933 555 pu-

158 562 286 597 niatur.

203 607 287 644 cm.
316 606 421 642 2384.
453 628 469 632 —
498 606 714 642 Canonicum
735 605 931 649 theologum

153 660 185 691 et
214 655 520 702 poenitentiarium
548 654 582 688 in
617 653 689 688 suis
730 651 934 687 muneribus

794 179 806 184 -
831 159 889 193 De
914 159 988 193 ἀεὶ.
1017 169 1048 193 c.
1070 160 1181 202 oblisl.
1202 160 1292 192 stat.
1313 158 1402 192 cler.

1711 157 1782 191 293

1005 274 1175 309 obeundis
1202 273 1428 319 negligentes
1447 272 1636 319 Episcopus
1660 272 1785 325 grada-

1005 322 1068 355 tim
1095 321 1280 367 compellat
1307 320 1571 360 monitionibus
1592 320 1784 355 commina-

1006 368 1099 403 tione
1116 379 1320 421 poenarum,
1345 367 1598 403 substractione
1618 367 1785 413 portionis

1009 416 1181 450 fructuum
1211 415 1252 449 iis
1277 415 1512 459 assignandae
1550 415 1606 460 qui
1646 414 1784 449 illorum

1008 463 1098 497 vices
1124 463 1330 507 suppleant3
1359 467 1390 497 et
1419 462 1627 507 perdurante
1655 472 1714 507 per
1734 461 1786 495 in-

1008 514 1141 553 tegrum
1169 521 1302 543 annum
1331 509 1544 553 negligentia
1572 513 1645 554 post
1674 508 1784 543 moni-

1008 557 1151 598 tionem,
1186 557 1413 602 suspensione
1450 567 1471 591 a
1509 555 1675 590 beneficio
1717 556 1786 601 ple-

1007 608 1098 644 ctat;
1126 603 1339 648 negligentia
1364 614 1443 638 vero
1471 603 1635 648 producta
1665 613 1723 648 per
1747 613 1785 637 a-

1009 651 1079 685 liud
1107 655 1283 693 semestre,
1313 651 1387 695 ipso
1407 650 1574 685 beneficio
1590 652 1711 695 privet.

938 778 980 784 --
1005 757 1116 802 quoad
1145 768 1289 791 examen
1317 757 1471 792 annuale
1499 761 1573 802 post

675 828 718 831 —
757 805 882 842 Sacer·
930 848 931 851 Ἰ
959 805 1171 839 curriculum
1199 804 1392 839 studiorum
1578 802 1663 838 Can.
1694 802 1784 837 2376

697 854 817 888 dotum
874 856 932 927 -ἑ

942 920 978 925 —
1006 899 1118 945 quoad
1146 898 1377 934 conferentias
1406 898 1454 933 vel
1483 897 1572 933 solu-

956 946 1085 982 tionem
1113 957 1213 981 casns
1239 945 1380 981 moralis
1626 959 1639 976 »
1693 943 1784 979 2377

929 1062 976 1084 ,—
1005 1041 1174 1076 maiorum
1204 1040 1315 1086 quoad
1344 1039 1430 1073 ritus
1449 1043 1479 1074 et
1499 1050 1573 1074 cae-

928 1088 1132 1124 .remonias
1626 1100 1640 1117 »
1695 1085 1786 1121 2378

928 1179 977 1207 ¹—
1004 1183 1095 1217 circa
1123 1182 1278 1216 habitum
1299 1181 1572 1217 ecclesiasticum

674 1252 716 1257 -
743 1231 887 1266 clerico-
928 1223 930 1271 l
956 1235 987 1265 et
1015 1235 1193 1265 tonsuram
1626 1242 1639 1259 »
1694 1227 1785 1263 2379

697 1290 774 1314 rum
874 1298 916 1302 —-

939 1346 975 1350 ——
1005 1325 1055 1361 vel
1084 1325 1322 1369 religiosorum
1353 1335 1411 1369 per
1446 1334 1576 1358 merca-

929 1391 930 1413 t
957 1378 1070 1408 turam
1100 1373 1150 1407 vet
1179 1372 1448 1417 negotiationem
1624 1384 1639 1402 »
1693 1368 1784 1404 -2380

451 1441 490 1448 —
526 1421 625 1457 cleri·
667 1441 669 1447 ι
929 1438 930 1441 =
1123 1442 1127 1446 -

470 1468 555 1504 calis
614 1489 655 1493 —
929 1485 976 1492 =—-
995 1467 1106 1502 otlicia
1120 1466 1354 1501 obtinentium
1376 1477 1454 1500 cum
1470 1475 1574 1500 onere

153 1515 291 1551 Titulus
318 1515 406 1551 XVll
601 1532 606 1535 ·
956 1514 1164 1550 residentiae
1625 1525 1639 1543 ι)
1693 1509 1781 1545 2381

177 1562 223 1598 De
248 1563 383 1599 delictis

216 1615 338 1647 contra
403 1652 405 1655 ,
675 1631 711 1636 -
733 1609 895 1657 parocho·
940 1629 976 1633 —
1006 1614 1144 1655 propter
1161 1619 1301 1654 gravem
1322 1606 1571 1652 negligentiam
1624 1620 1638 1638 υ
1694 1605 1785 1641 ’2382

162 1657 393 1703 obligationes
696 1669 774 1693 rum
874 1678 892 1682 -

199 1705 356 1752 proprias
928 1714 975 1729 ¹—
1003 1704 1095 1738 cirea
1123 1702 1332 1748 paroeciales
1362 1701 1466 1736 libros
1493 1712 1573 1736 con-

222 1755 359 1788 status1
388 1774 429 1779 -
527 1751 579 1787 vel
957 1751 1160 1786 scribendos
1186 1755 1245 1785 aut
1272 1749 1461 1784 servandos
1626 1762 1639 1779 ι)
1694 1745 1785 1781 2383

675 1866 716 1872 —
751 1845 1000 1881 canonicorum
1043 1844 1190 1889 theologi
1235 1848 1267 1879 et
1312 1842 1569 1889 poenitentiarii

695 1893 808 1940 quoad
836 1904 981 1928 munera
1009 1892 1169 1927 obeunda
1626 1903 1639 1920 »
1694 1886 1785 1923 2384

674 2009 713 2014 —
759 1987 792 2021 in
834 1998 890 2023 se·
926 2008 973 2017 ¹—
1005 1997 1064 2033 per
1088 1986 1300 2032 apostasiam
1626 1997 1640 2014 >>
1694 1980 1786 2017 2385

665 2014 667 2085 Ι
696 2036 769 2082 ipso
873 2055 915 2059 —

666 2091 668 2157 ,
935 2103 975 2106 -
1005 2092 1064 2127 per
1092 2081 1207 2125 fugam
1622 2092 1636 2109 ›>
1691 2074 1783 2111 2386

441 2145 491 2155 ·—
536 2130 621 2166 reli-

468 2177 553 2222 giosi
612 2175 715 2202 —'—
742 2178 778 2212 in
808 2177 1020 2223 professione
1058 2176 1100 2210 ob
1138 2175 1332 2210 admissum
1368 2174 1485 2209 dolum
1516 2173 1571 2208 de—

666 2206 668 2243 l
693 2225 824 2261 clarata
850 2224 947 2259 nulla
1624 2233 1638 2252 »
1693 2217 1784 2253 2387

666 2298 669 2349 l
933 2339 976 2342 —
999 2316 1168 2352 castitatis
1189 2321 1392 2361 perpetuum
1416 2325 1474 2361 per
1492 2325 1572 2350 con-

665 2353 716 2392 ¹—
750 2366 793 2401 ob
830 2376 891 2401 xo·
928 2357 1104 2399 ltractum
1135 2363 1639 2398 matrimonium»
1694 2358 1786 2394 2388

694 2418 769 2449 tum
872 2410 929 2448 —l

927 2440 975 2487 l—
1006 2458 1219 2506 paupertatis
1256 2469 1314 2504 per
1350 2457 1572 2493 violationem

956 2508 989 2541 in
1020 2518 1056 2542 re
1084 2505 1227 2541 notabili
1626 2518 1640 2535 »
1694 2501 1786 2537 2389

271 2626 367 2670 218.
402 2629 659 2685 Inscriptio
691 2629 816 2673 tituli
851 2631 899 2674 et
932 2639 1173 2673 canonum
1207 2626 1345 2670 ordo.
1371 2650 1421 2654 —
1452 2623 1509 2666 De
1541 2622 1707 2665 delictis
1731 2622 1782 2665 ad

151 2709 337 2740 normam
371 2710 461 2742 can.
498 2698 625 2751 2¹95,
660 2699 683 2751 ξ
709 2698 724 2740 l
762 2702 909 2740 contra
933 2696 1211 2752 oblissalt'ones
1241 2694 1444 2752 proprias
1467 2699 1604 2736 slatus
1637 2693 1678 2749 a)
1704 2692 1783 2735 cle-

149 2766 298 2810 ricalis
341 2767 391 2810 tle
439 2767 590 2823 quibus
637 2772 774 2811 actum
811 2772 869 2810 est
906 2769 943 2809 in
979 2766 1074 2809 Τίί.0
1112 2765 1158 2808 ΙΙΙ
1197 2764 1296 2809 Lib.i
1334 2765 1379 2819 ll,
1417 2764 1458 2821 b)
1493 2769 1531 2806 el
1566 2762 1789 2819 Ἰνθίίᾳίοειῗ;

274 2898 285 2919 ¹
316 2896 413 2930 Vide
440 2907 609 2930 canones
636 2896 675 2930 in
703 2907 819 2941 pagg.
846 2896 929 2939 ⁶292,
958 2895 1039 2929 300.
