1981 3182
12 123 15 126 ¹
44 107 70 131 Ἰ
111 133 206 170 Gan.
231 131 326 167 2218
516 132 602 168 Trr..
625 132 690 167 IV.
718 153 730 158 -
757 132 815 167 De
836 143 1058 177 poenarum
1084 136 1241 168 notione
1267 137 1334 169 etc.
1697 134 1743 169 53

113 255 261 297 intuitu
295 252 553 308 disciplinae,
591 252 652 295 vel
688 254 959 295 correctionis
995 255 1260 308 percusserit,
1294 256 1389 310 quia
1423 266 1501 296 non
1538 257 1671 310 potest
1704 256 1742 296 in

115 326 212 380 ipsis
244 325 410 366 iniectio
444 336 640 366 manuum
680 322 857 366 violenta
892 326 1047 365 notari:
1082 323 1301 366 Caeterum
1341 326 1373 366 si
1407 337 1454 366 ex
1491 325 1585 367 odio
1620 324 1742 367 iidem

75 440 78 442 ,
111 394 333 447 scholares,
370 393 431 436 vel
466 394 701 437 saeculares
734 393 875 436 clerici
910 406 999 436 sese
1036 396 1329 448 percusserint,
1365 408 1437 450 pro
1476 407 1547 437 sua
1582 394 1745 438 absolu-

111 468 221 508 tione
254 464 405 508 debent
439 465 488 507 ad
524 464 804 520 Apostolicam
848 464 991 506 sedem
1035 467 1176 507 venire
1199 480 1238 504 )).
1273 464 1464 507 Secundo
1499 466 1614 508 adest
1652 466 1746 509 «de

113 538 374 593 poenitentiis
407 541 446 578 et
480 537 836 578 remissionibus»
876 548 966 589 cap.
1007 535 1030 577 8
1056 533 1120 590 (V,
1148 534 1219 590 38)
1247 537 1283 576 in
1321 549 1401 591 quo
1437 535 1574 579 lnnoc.
1602 536 1650 578 lll
1674 537 1744 580 de-

111 609 265 651 cernit:
305 622 328 648 «
349 605 567 650 Caeterum
593 619 686 649 cum
714 608 964 661 poenitentia
990 619 1068 648 non
1096 610 1176 647 tam
1206 606 1435 648 secundum
1472 609 1741 663 quantitatem

111 690 317 727 excessuS,
354 688 479 734 quam
517 678 763 732 poenitentis
797 678 1102 720 contritionem,
1139 690 1210 731 per
1243 676 1408 719 discreti
1434 677 1662 719 sacerdotis
1685 690 1746 720 ar-

112 747 279 792 bitrium
303 749 355 790 sit
378 746 647 799 moderanda,
669 750 837 802 pensata
857 746 1055 802 qualitate
1083 758 1297 801 personae,
1316 760 1442 801 super
1461 747 1744 798 fornicatione,

110 818 329 872 adulterio,
363 816 601 871 homicidio,
637 818 834 872 periurio,
868 820 904 859 et
942 816 1033 859 aliis
1066 815 1326 867 criminibus,
1358 817 1631 859 consideratis
1664 820 1742 861 cir-

110 890 370 933 cumstantiis
403 886 608 941 omnibus,
648 892 685 929 et
735 889 978 942 praesertim
1030 889 1213 929 novitate
1263 886 1474 929 Livonien.
1519 887 1744 939 Ecclesiae,

110 963 413 1016 competentem
465 960 758 1014 poeniteutiam
810 957 1148 1014 delinquentibus
1192 960 1428 1013 imponatis,
1461 963 1580 1014 prout
1623 959 1742 1001 saluti

109 1043 253 1074 eorum
291 1029 477 1072 videritis
509 1028 707 1084 expedire
732 1044 769 1068 ».
805 1027 863 1070 Ac
897 1028 1066 1070 demum
1104 1030 1141 1070 in
1176 1040 1264 1084 cap.
1292 1029 1315 1070 3
1351 1028 1440 1071 ((110
1474 1029 1592 1071 furtis
1616 1044 1636 1068 n
1676 1028 1746 1085 (V,

113 1101 184 1158 18)
219 1103 417 1157 scriptum
453 1104 535 1143 est:
575 1100 658 1143 «Si
695 1101 787 1156 quis
822 1104 988 1155 propter
1032 1101 1318 1142 necessitatem
1355 1100 1487 1154 famis,
1522 1105 1590 1143 aut
1625 1101 1744 1143 nudi-

112 1175 218 1226 tatis,
251 1172 408 1215 furatus
442 1171 563 1214 tuerit
596 1169 766 1217 cibaria,
805 1174 975 1217 restem,
1015 1169 1076 1212 1οΙ
1113 1183 1252 1226 pecus,
1278 1173 1483 1226 poeniteat
1518 1170 1743 1214 hebdoma-

112 1243 185 1287 das
218 1247 322 1286 tres:
358 1247 394 1285 et
429 1244 461 1285 si
497 1241 739 1295 reddiderit,
776 1254 853 1283 11011
889 1245 1063 1296 cogatur
1098 1243 1345 1285 ieiunare».

229 1316 254 1368 ξ
285 1316 316 1356 2
346 1315 527 1356 continet
561 1311 785 1356 notabilem
821 1311 871 1354 de
908 1314 995 1354 iure
1030 1311 1190 1368 poenali
1227 1311 1505 1354 authenticam
1542 1326 1743 1355 normam.

111 1383 204 1429 Non
237 1383 372 1427 solum
405 1385 741 1426 circumstantiae
777 1382 1029 1438 praedictae,
1064 1395 1171 1438 quae
1206 1381 1305 1424 tales
1339 1388 1603 1435 concurrant,
1631 1388 1671 1425 ut
1695 1383 1744 1425 ub

112 1455 225 1499 omni
257 1453 588 1511 imputribilitate
620 1456 966 1510 eoecztsetel„‹{iiia‚
991 1458 1033 1496 ut
1063 1458 1185 1508 patet,
1212 1458 1308 1496 tunc
1343 1453 1455 1496 abest
1491 1454 1741 1497 elementum

112 1524 329 1568 essentiale
362 1524 515 1577 delicti,
550 1529 587 1567 et
630 1524 860 1567 secundum
908 1538 993 1580 reg.
1031 1524 1082 1566 23
1120 1526 1219 1566 iuris
1254 1526 1291 1566 in
1329 1525 1397 1567 50:
1438 1541 1459 1565 «
1482 1527 1576 1567 §ine
1609 1525 1743 1581 culpa.

112 1598 188 1639 nisi
221 1595 351 1639 subsit
393 1608 529 1649 causa,
566 1608 643 1638 non
688 1601 747 1638 est
790 1595 940 1652 aliquis
984 1596 1280 1652 puniendus»,
1315 1595 1388 1638 sed
1419 1596 1545 1638 etium
1582 1610 1687 1652 qaue
1720 1610 1743 1637 11

108 1666 233 1724 9111111
264 1666 409 1723 supple
448 1665 876 1721 «1111111113111111310»,
913 1679 1033 1723 quae,
1057 1680 1151 1709 cum
1182 1669 1232 1709 sit
1271 1682 1291 1706 1(
1318 1666 1576 1709 moraliter»
1614 1669 1747 1710 consi-

111 1737 295 1781 deranda
328 1742 434 1793 (can.
470 1737 597 1789 2195,
629 1737 657 1794 ξ
697 1738 745 1783 11,
781 1738 913 1780 lorum
951 1740 1158 1780 internum
1205 1738 1362 1781 directe
1408 1740 1588 1794 respicit,
1624 1752 1744 1780 earcu-

109 1813 205 1851 sant
234 1808 402 1866 pariter
435 1807 527 1851 illae
559 1810 909 1864 circumstantiae,
943 1811 1017 1851 etsi
1054 1822 1131 1851 non
1167 1821 1188 1851 a
1223 1809 1372 1852 delicto
1408 1812 1520 1852 iuxta
1554 1812 1644 1852 eius
1680 1809 1747 1852 dc-

110 1880 350 1933 finitionem,
387 1882 462 1922 nisi
508 1878 611 1923 113110
656 1882 955 1935 restringamus
999 1880 1048 1923 ad
1088 1894 1261 1937 gravem
1299 1880 1687 1936 imputabilitatem,
1724 1896 1746 1922 (ι

110 1949 292 2008 qualibet
310 1964 457 2008 poena,
477 1963 557 2008 qua
582 1967 604 1991 «
624 1953 661 1994 111
683 1950 865 1995 Ecclesia
881 1951 1171 2008 delinquentes
1191 1952 1462 2007 plectuntur»
1480 1955 1584 2005 (can.
1603 1952 1744 2005 2216),

109 2026 195 2064 tum
228 2020 343 2064 latae
376 2026 461 2064 tum
492 2020 696 2079 ferendae
729 2022 978 2073 sententiae,
1017 2036 1121 2079 quac
1166 2025 1378 2065 excusatio
1421 2036 1587 2078 semper
1634 2025 1745 2079 viget

111 2106 183 2149 pro
218 2094 304 2135 foro
339 2095 514 2145 interno,
547 2093 617 2136 sed
653 2093 781 2135 etiam
817 2093 856 2136 in
891 2094 986 2151 foro
1021 2099 1194 2136 esterno
1229 2092 1470 2148 attenditur,
1489 2093 1526 2135 si
1545 2107 1625 2151 pro
1648 2094 1743 2150 foro

108 2169 280 2207 externo
316 2164 497 2207 iudiciali
536 2164 598 2207 vel
634 2165 961 2208 extra-iudiciali
996 2165 1103 2221 apud
1139 2178 1260 2221 quem
1299 2170 1498 2208 tractetur
1531 2165 1744 2217 delictum,

109 2235 325 2278 excusatio
363 2250 383 2275 (1
407 2234 458 2278 ab
492 2235 811 2292 imputabilitate
845 2238 1009 2292 gravi»
1049 2235 1270 2277 evincalm·
1303 2235 1490 2278 relativis
1524 2235 1574 2278 ad
1611 2237 1742 2278 forum

111 2305 436 2362 probationibus

228 2377 348 2431 Quod
368 2377 488 2420 Alex.
512 2377 561 2420 lll
589 2380 625 2420 in
651 2390 741 2434 cap.
764 2380 782 2420 4
828 2394 847 2418 1(
872 2379 922 2421 de
947 2378 1184 2421 divortiis»
1215 2377 1299 2435 (IV,
1327 2377 1398 2430 19)
1422 2380 1501 2421 311;
1532 2395 1553 2419 (1
1576 2377 1744 2421 Cousul-

110 2449 251 2490 tationi
272 2452 365 2491 tuae
384 2448 520 2491 taliter
541 2449 852 2505 respondemus,
868 2450 977 2506 quod
1003 2452 1033 2492 si
1056 2452 1260 2492 notorium
1283 2453 1354 2499 est,
1376 2449 1593 2492 mulierem
1616 2452 1743 2504 ipsam

110 2518 362 2562 adulterium
381 2520 714 2573 commisisse,ad
735 2532 825 2563 eam
854 2520 1135 2576 recipiendam
1158 2522 1367 2576 praelatus
1390 2522 1451 2563 vir
1470 2523 1560 2577 cogi
1582 2534 1659 2562 non
1681 2520 1747 2562 de-

111 2588 199 2633 bet:
221 2592 295 2633 nisi
316 2595 523 2633 constaret
542 2592 675 2646 ipsum
695 2604 788 2634 cum
810 2591 887 2634 alia
909 2591 1160 2635 adulterium
1185 2594 1443 2634 commisisse
1462 2595 1617 2646 »,sicut
1639 2592 1743 2646 prin-

109 2662 264 2717 cipium
301 2660 494 2716 generale
517 2664 659 2704 statuit
682 2664 706 2715 ἓ
728 2663 771 2705 3.
798 2661 949 2704 1111111111
974 2662 1151 2715 imario,
1175 2674 1254 2719 qua
1280 2662 1372 2705 talis
1395 2665 1483 2705 sive
1507 2663 1743 2705 successive

110 2730 235 2783 illata,
268 2734 358 2773 sive
391 2731 536 2774 eodem
573 2736 774 2788 tempore,
794 2738 1103 2790 compensatur,
1128 2737 1212 2775 tum
1249 2733 1383 2789 quoad
1418 2733 1740 2775 satisfactionem

109 2801 379 2852 reddendam,
400 2807 485 2844 tum
511 2802 646 2858 quoad
675 2815 848 2857 poenam
877 2802 951 2845 liac
975 2802 1107 2844 solum
1133 2802 1183 2845 de
1202 2815 1325 2846 causa
1352 2802 1450 2845 illati
1477 2803 1616 2845 damni
1643 2802 1741 2843 infe-

111 2872 295 2921 rendam,
317 2886 393 2915 non
417 2886 515 2915 vero
542 2874 699 2916 ratione
722 2873 905 2916 scandali
935 2873 1177 2916 removendi
1201 2872 1461 2930 aliorumque
1494 2873 1739 2916 damnorum
