1981 3182
219 102 264 135 92
680 101 766 134 Lm.
796 101 843 135 V.
872 120 883 126 -
912 101 1023 135 PARS
1048 101 1099 134 II.
1129 121 1142 126 -
1167 101 1225 135 De
1249 104 1383 145 poenis
1637 100 1729 137 Can.
1756 101 1849 136 2241

223 225 419 276 parentur
437 219 488 263 ab
510 223 704 274 invicem,
723 225 763 262 et
782 219 1054 263 absolutionis
1071 219 1259 262 obtinere
1284 218 1530 262 beneticium
1559 225 1851 263 mereantur».

220 292 355 348 Atque
405 293 441 333 in
500 290 593 334 Dec.
628 289 670 334 C.
705 292 743 333 S.
779 288 916 334 Officii
942 290 954 312 ¹
1007 292 1242 333 invenimus
1292 304 1405 347 prop.
1463 290 1699 333 damnatam
1740 306 1759 330 «
1785 290 1851 333 44.

219 362 363 415 Quoad
390 363 523 405 forum
548 365 841 416 conscientiae,
867 375 934 404 reo
958 366 1146 405 correcto
1170 364 1341 419 eiusque
1365 364 1625 405 contumacia
1650 366 1851 415 cessante,

221 438 383 476 cessant
416 445 674 477 censurae».

338 503 396 546 De
431 504 649 559 prudentia
676 508 813 547 monet
836 517 1035 547 censuras
1067 505 1267 547 serentem
1291 504 1318 561 ἓ
1340 506 1383 546 ’2.
1408 503 1475 547 Ait
1508 506 1618 547 enim
1643 504 1779 547 innoc..
1803 502 1852 546 lV

223 577 259 616 in
295 574 418 618 Couc.
440 574 706 631 Lugdunensi
733 574 770 618 ²:
802 590 821 615 ((
845 574 947 619 Cum
985 575 1244 619 medicinalis
1277 578 1328 618 sit
1361 578 1753 628 excommunicatio,
1777 588 1854 618 non
1881 567 1883 570 ⁸

224 645 432 688 mortalis:
468 645 749 701 disciplinans,
785 659 863 689 non
899 646 1138 689 eradicans:
1174 646 1271 689 dum
1306 651 1441 689 tamen
1477 648 1523 699 is,
1548 647 1586 688 in
1621 658 1741 702 quem
1777 645 1854 688 lata

223 717 358 769 fuerit,
394 729 471 759 non
508 721 770 760 contemnat:
805 722 925 760 caute
960 717 1177 773 provideat
1212 717 1334 760 iudex
1375 716 1697 770 ecclesiasticus,
1731 721 1774 759 ut
1817 719 1854 759 in

222 801 268 830 ea
296 789 464 831 serenda
490 788 680 831 ostendat
701 792 745 831 se
771 790 964 845 prosequi
988 788 1098 845 quod
1123 790 1369 842 corrigentis
1392 789 1514 830 fuerit
1537 792 1577 830 et
1596 788 1856 831 medentis».

226 859 366 902 l’ostea
401 859 471 902 dat
505 859 629 902 iudici
664 864 758 915 apta
793 858 946 902 adhoc
971 861 1239 915 praescripta,
1273 861 1585 915 suspensionem
1628 858 1733 901 latae
1765 871 1856 901 sen-

226 931 376 972 tentiae
411 930 658 972 adnectens:
685 945 703 969 «
730 934 771 972 ut
808 942 936 985 poena
972 929 1146 972 docente
1180 929 1340 972 discant
1375 929 1545 982 iudices7
1570 941 1693 985 quam
1730 940 1858 984 grave

223 1001 274 1043 sit
318 1002 800 1043 excommunicationum
850 1002 1075 1043 sententias
1123 1002 1211 1043 sine
1260 1002 1497 1043 maturitate
1540 999 1678 1042 debita
1723 998 1857 1041 fulmi-

225 1084 338 1114 nare.
373 1071 422 1114 Et
456 1071 555 1114 llaec
589 1072 734 1114 eadem
764 1074 799 1114 in
826 1074 1108 1127 suspensionis
1132 1079 1171 1114 et
1195 1071 1403 1114 interdicti
1427 1062 1642 1114 sententiis
1668 1070 1859 1113 volumus

225 1142 439 1186 observari
465 1158 504 1183 >).

345 1214 442 1256 ltem
477 1213 627 1270 Congr.
662 1215 700 1258 S.
725 1212 862 1258 Officii
886 1228 1050 1271 «super
1082 1227 1253 1258 casuum
1294 1216 1571 1257 conscientiae
1611 1215 1858 1256 reservatio-

227 1285 346 1328 nil)us
371 1302 389 1325 ›)
414 1285 428 1306 ³
464 1287 658 1328 instruxit
692 1285 847 1328 Rdmos
879 1283 1126 1329 Ordiuarios
1160 1285 1221 1328 his
1252 1284 1411 1329 verbis:
1442 1300 1464 1325 ((
1489 1285 1525 1327 5.
1550 1284 1665 1327 Cauti
1693 1287 1860 1340 insuper

225 1359 392 1399 omnino
426 1358 506 1399 sint
538 1361 577 1399 et
610 1369 733 1413 quam
772 1360 952 1400 maxime
989 1358 1099 1412 parci
1134 1357 1244 1413 quod
1279 1356 1328 1399 ad
1377 1356 1569 1412 poenales
1610 1358 1859 1407 sanctiones,

225 1429 681 1470 excommunicationes
706 1429 964 1484 praesertim,
988 1427 1139 1485 quibus
1165 1428 1268 1470 forte
1292 1439 1387 1470 suas
1413 1429 1716 1469 reservationes
1749 1439 1858 1468 com-

229 1500 389 1541 munire
426 1497 577 1552 velint3
614 1511 721 1553 nam,
760 1503 801 1541 ut
833 1500 1043 1554 sapienter
1076 1499 1272 1541 admonet
1309 1498 1578 1541 Sacrosancta
1620 1496 1859 1540 Tridentina

226 1570 418 1626 synodus
452 1570 488 1613 4:
526 1570 730 1624 Quamvis
763 1572 1210 1613 excommunicationis
1243 1569 1405 1625 gladius
1439 1582 1594 1611 nervus
1631 1571 1680 1611 sit
1728 1567 1857 1611 eccle-

226 1643 416 1684 siasticae
450 1640 695 1696 disciplinae
729 1646 768 1684 et
801 1642 849 1684 ad
887 1641 1159 1684 (ontinendos
1195 1643 1232 1683 in
1267 1641 1402 1684 officio
1437 1639 1609 1696 populos
1647 1639 1766 1682 valde
1798 1652 1860 1682 sa-

229 1712 393 1757 lutaris:
420 1712 557 1755 sobrie
583 1717 719 1756 tamen
743 1725 976 1769 magnaque
996 1714 1369 1768 circumspectione
1388 1711 1649 1754 exercendus
1667 1716 1739 1757 est,
1765 1723 1858 1753 cum

228 1785 484 1836 experientia
520 1783 682 1837 doceat,
716 1785 746 1826 si
783 1787 939 1825 temere
963 1789 1032 1825 aut
1057 1782 1220 1825 levibus
1243 1796 1290 1825 ex
1319 1782 1442 1825 rebus
1466 1782 1705 1833 incutiatur,
1731 1783 1861 1837 magis

228 1856 435 1897 contemni
457 1867 581 1911 quam
604 1854 818 1897 formidari
839 1858 878 1897 et
898 1856 1122 1910 perniciem
1151 1856 1284 1909 potius
1310 1866 1453 1909 parere
1472 1865 1595 1909 quam
1620 1851 1794 1895 salutem
1821 1868 1860 1893 ».

348 1925 460 1969 Haec
507 1928 608 1968 ratio
653 1927 949 1981 experientiae,
982 1938 1075 1968 cum
1112 1927 1305 1981 respiciat
1349 1929 1538 1967 naturam
1574 1935 1859 1977 censurarum,

229 1997 375 2040 suadet
411 1998 534 2039 l'uisse
558 2010 683 2054 quam
711 1999 856 2039 merito
883 1999 1081 2039 insertum
1108 1998 1144 2038 in
1165 1996 1316 2039 Codice
1337 1998 1397 2038 ius
1418 1995 1672 2050 praecedens
1690 1996 1861 2050 eiusque

234 2067 382 2110 verbis.
423 2067 635 2110 Censurae
673 2083 691 2108 ((
717 2069 1175 2119 excommunicatimiis‚
1200 2069 1483 2122 suspensionis
1516 2071 1555 2108 et
1591 2065 1862 2118 interdicti»,

229 2139 482 2196 praesertim.
516 2138 631 2180 sulae
663 2138 911 2191 sententiae,
944 2152 992 2181 eo
1026 2138 1134 2195 quod
1175 2153 1196 2178 «
1222 2140 1486 2180 incurrantur
1511 2139 1597 2193 ipso
1623 2138 1726 2179 tacto
1750 2149 1859 2179 com-

235 2212 344 2252 missi
379 2210 562 2253 delicti»
601 2210 710 2267 (can.
748 2210 875 2263 2:217,
912 2210 989 2265 20),
1025 2208 1206 2251 maxime
1248 2208 1325 2251 hoc
1372 2214 1492 2251 mocio
1536 2213 1575 2251 et
1615 2210 1720 2250 inter
1762 2207 1862 2253 alias

232 2293 429 2322 censuras
463 2279 853 2333 eoeeommmiicario,
890 2284 1010 2336 prout
1034 2278 1184 2321 habent
1208 2280 1356 2321 citatae
1380 2279 1659 2327 auctoritates,
1695 2281 1733 2319 et
1767 2279 1860 2333 quia

233 2353 480 2406 gravissima
518 2364 645 2406 poena
681 2356 740 2393 est
765 2353 871 2394 inter
894 2364 1052 2404 omnes,
1076 2363 1126 2391 ne
1150 2349 1418 2406 insli'ssmilizr,
1442 2361 1462 2391 a
1487 2347 1780 2404 Superioribus
1798 2361 1863 2390 ec-

234 2421 477 2463 clesiasticis
513 2435 584 2477 per
621 2421 732 2477 leges
766 2426 835 2464 aut
867 2421 916 2464 ad
954 2421 1121 2463 modum
1159 2421 1367 2476 praecepti
1415 2419 1689 2475 particularis,
1725 2432 1798 2461 nec
1842 2431 1862 2461 a

236 2491 457 2545 iudicibus,
493 2492 577 2534 wls-2?
609 2491 745 2535 sobrie
778 2492 911 2548 quoad
951 2493 1226 2548 frequentiam
1264 2503 1310 2533 ac
1343 2490 1607 2533 selectionem
1644 2503 1801 2534 earum.
1826 2495 1864 2531 et

233 2576 322 2604 eain
358 2564 766 2605 circuinstantiarum
803 2561 1174 2619 circumspectione
1206 2561 1256 2604 de
1281 2574 1567 2617 personarum,
1594 2560 1791 2608 locorum,
1817 2572 1863 2602 ac

236 2635 432 2688 temporis
464 2633 784 2677 conditionibus.

353 2764 362 2784 ί
394 2765 435 2795 i&
472 2763 601 2794 Martii
640 2762 740 2796 loeo.
772 2763 1012 2806 Deiizinger.
1043 2774 1079 2796 n.
1109 2762 1212 2794 1144.
1254 2782 1298 2785 —
1336 2761 1349 2782 2
1377 2761 1468 2805 Cap.
1500 2763 1516 2793 1
1556 2760 1633 2794 «de
1668 2760 1865 2793 sententia

235 2810 668 2850 excommunicationis,
690 2810 962 2854 suspensionis
982 2815 1020 2843 et
1040 2809 1243 2842 interdicti
1267 2825 1278 2838 ι)
1306 2809 1366 2851 (V,
1390 2810 1446 2845 11)
1467 2809 1507 2841 in
1528 2808 1576 2841 60.
1605 2828 1650 2831 —
1675 2807 1689 2829 3
1720 2807 1759 2840 13
1786 2806 1860 2840 Iul.

238 2858 340 2898 iaie,
369 2857 445 2891 CO.
478 2857 579 2895 vm,
606 2858 686 2890 314.
719 2879 745 2882 A
781 2858 793 2878 4
822 2857 911 2890 Sess
938 2857 1063 2899 XXV,
1094 2856 1138 2889 de
1166 2855 1250 2890 Rei.
1281 2867 1360 2900 cap.
1387 2856 1420 2889 3.
