1981 3182
203 133 270 167 184
666 133 750 168 Lm.
780 134 825 168 V.
855 154 867 159 —
894 134 1004 169 PARS
1029 135 1081 168 ΙΙ.
1109 154 1122 160 -
1151 135 1204 169 De
1226 137 1362 179 poenis
1506 135 1598 171 Can.
1625 136 1719 172 2300
1735 137 1830 173 2302
1963 0 1981 177 Ι

202 252 317 295 rendi
344 252 528 295 habitum
554 252 880 296 ecclesiasticum
906 269 943 294 ›).
980 253 1084 296 Hinc
1113 253 1348 309 colligimus
1386 269 1407 294 «
1431 256 1703 310 privationem
1728 272 1749 297 )>
1788 259 1827 299 111

202 323 278 366 hoc
311 336 468 366 canone
503 323 609 366 idern
645 337 792 366 sonare
825 337 872 367 ac
905 327 1214 380 suspensionem
1251 324 1476 367 eorundem
1514 326 1826 383 prixilegiorum

203 394 433 449 poenalem.

324 465 416 507 134.
453 466 525 511 De
558 468 867 523 praescripto
911 469 1309 512 commorationis
1343 471 1478 513 certo
1522 469 1570 512 in
1617 470 1727 515 loco
1769 470 1828 511 uti

201 548 330 591 poena
369 536 619 579 vindicativa
655 538 739 592 agit
772 551 862 579 can.
897 539 1030 587 3:301,
1055 537 1338 580 determinans
1371 537 1629 581 conditiones
1661 541 1829 582 omnino

199 605 442 656 servandas,
479 611 518 649 ut
554 608 681 663 intligi
719 610 859 663 possit.
899 607 1158 650 (lrdinam'us
1194 607 1269 650 loci
1297 621 1344 650 ex
1381 613 1573 651 contextu
1601 608 1827 665 (can.198‚

201 678 225 729 ἓ
260 676 302 731 Q)
338 677 479 733 nequit
506 677 641 720 valide
670 678 975 735 praescribere,
1009 681 1103 736 quia
1141 678 1290 721 limites
1322 691 1420 721 suae
1465 682 1675 735 potestatis
1708 693 1827 723 exce·

201 747 331 800 (leret,
367 752 411 790 ut
445 747 622 790 clericus
655 748 695 805 3)
730 755 841 791 certo
867 749 907 791 in
942 749 1044 800 loco,
1071 749 1177 792 unde
1213 750 1287 792 lloc
1312 762 1391 791 non
1426 750 1655 805 designato,
1681 755 1829 806 posset,

203 817 245 874 1))
278 824 400 860 arira
435 818 536 874 fines
569 833 670 861 sime
702 819 917 870 dioecesis,
953 823 1017 862 cui
1053 820 1101 863 ad
1139 832 1323 862 normam
1359 833 1411 863 ss.
1445 832 1650 864 canonum
1671 826 1831 864 manet

203 889 499 943 incardinatus,
532 895 822 939 commoretur,
858 890 965 947 quod
1003 893 1132 933 innuit
1168 890 1347 933 notabile
1380 895 1555 947 tempus,
1584 891 1670 934 nisi
1701 894 1742 948 3)
1765 906 1828 934 ac-

201 958 320 1001 cedat
356 962 468 1016 prius
490 960 552 1003 vel
581 966 716 1016 postea
743 974 966 1003 consensus
989 961 1130 1003 saltem
1159 963 1306 1004 tacitus
1333 959 1559 1004 Ordinarii
1592 961 1710 1004 illius
1733 961 1830 1017 loci,

203 1029 263 1072 cel
296 1029 338 1087 1))
373 1036 530 1087 (19111111
560 1030 611 1073 de
643 1030 762 1074 domo
807 1031 1094 1088 poenitentiae
1127 1046 1198 1073 seu
1233 1031 1538 1075 emendationis
1582 1046 1751 1089 nempe:
1787 1035 1826 1076 in

201 1101 309 1144 hunc
333 1115 502 1157 scopum
529 1102 694 1144 clericis
728 1116 807 1145 non
833 1101 967 1144 solum
989 1102 1262 1157 dioecesanis,
1287 1102 1467 1147 scilicet:
1492 1103 1694 1147 dioecesis
1722 1106 1827 1148 111113

199 1184 322 1229 quam
358 1175 432 1215 sita
468 1178 525 1215 est
563 1173 644 1227 illa,
688 1173 760 1215 sed
793 1173 918 1215 etiam
965 1179 1152 1229 respectu
1200 1173 1307 1216 illius
1340 1174 1556 1217 eJ‘traneis
1598 1173 1828 1229 destinata,

200 1256 281 1300 quo
317 1246 353 1285 in
389 1256 485 1286 casu
513 1244 585 1287 fuit
620 1247 802 1287 instituta
838 1258 931 1287 cum
967 1241 1178 1288 Ordinarii
1213 1258 1416 1288 consensu
1449 1245 1498 1288 ad
1534 1258 1721 1289 normam
1761 1259 1829 1289 ca-

200 1316 318 1356 nonis
356 1314 477 1361 1489,
513 1316 549 1357 c*
583 1320 657 1357 aid
695 1332 714 1354 «
739 1320 930 1371 agatur»
959 1314 1009 1370 de
1031 1314 1149 1357 domo
1174 1314 1375 1372 reliyiosa
1400 1321 1606 1374 erempta,
1641 1318 1731 1360 sive
1766 1330 1826 1360 re-

201 1385 364 1441 ligionis
396 1385 614 1439 clericalis,
648 1388 736 1429 sire
773 1385 941 1435 laicalis,
976 1386 1045 1429 sed
1086 1388 1283 1432 virorum,
1329 1386 1555 1443 Superiore
1593 1389 1668 1430 etsi
1706 1387 1826 1431 locali

199 1455 381 1499 eiusdem
417 1457 712 1499 consentiente.

325 1527 416 1571 135
455 1528 648 1574 Causae
681 1530 745 1573 ad
779 1531 906 1574 hanc
940 1530 1379 1585 praescriptionem
1411 1532 1496 1574 aut
1529 1531 1825 1575 contrariam

200 1600 579 1655 prohibitionem
623 1598 675 1642 31)
720 1599 884 1642 homine
927 1599 1232 1642 decernendam
1284 1598 1459 1642 formula
1493 1599 1676 1655 generali
1720 1599 1828 1643 desi-

199 1674 389 1725 gnantur.
430 1668 528 1711 s'an.
564 1671 702 1712 3302.
747 1669 841 1712 Tam
871 1669 1154 1727 praescriptio
1188 1684 1313 1726 (sicam
1342 1668 1588 1727 prohibitio,
1626 1673 1715 1713 sive
1755 1684 1829 1727 per

197 1742 459 1784 sententiam.
494 1742 583 1783 sive
617 1740 666 1783 ad
693 1741 860 1783 modum
889 1742 1096 1796 praecepti
1123 1740 1397 1796 particularis,
1423 1745 1463 1782 ut
1487 1740 1708 1783 deducitur
1730 1753 1829 1798 quo-

199 1824 277 1868 que
311 1824 359 1853 ex
399 1810 525 1854 vei-bo
564 1808 892 1855 «Ordinarius»
932 1813 969 1853 in
1004 1823 1093 1853 can.
1122 1824 1272 1866 praec,
1307 1813 1346 1865 a)
1381 1816 1491 1853 certo
1528 1811 1567 1853 in
1604 1811 1692 1854 loco
1732 1825 1825 1866 pro-

200 1883 312 1937 priae
349 1881 409 1924 vet
444 1880 602 1924 alienae
635 1881 837 1924 dioecesis
870 1882 1004 1938 quoad
1043 1884 1424 1937 praescriptionem,
1459 1884 1650 1937 propriae
1677 1881 1830 1925 solum·

200 1953 320 1995 modo
354 1952 488 2009 quoad
526 1951 859 2008 prohibitionem,
894 1952 1180 1996 commorandi
1202 1953 1250 1995 ad
1279 1951 1457 1995 notabile
1479 1952 1623 1996 saltem
1650 1957 1827 2009 tempus,

203 2037 240 2064 v.
274 2037 334 2079 gr.
369 2023 419 2066 ad
453 2023 557 2065 duos
589 2022 734 2066 saltem
773 2036 947 2077 menses,
981 2029 1019 2065 et
1054 2023 1096 2078 1))
1132 2022 1352 2066 collocatio
1397 2023 1580 2079 poenalis
1628 2023 1669 2065 in
1704 2022 1824 2067 domo

196 2093 498 2151 poenitentiae,
532 2094 581 2137 ad
618 2093 721 2137 hanc
758 2107 905 2150 nempe
931 2096 1127 2147 instituta,
1147 2099 1220 2136 aut
1246 2093 1285 2135 in
1310 2092 1429 2136 domo
1464 2093 1666 2150 religiosa
1689 2107 1828 2137 exem·

200 2170 265 2221 pta
304 2164 366 2207 vel
402 2178 495 2213 non,
531 2178 685 2221 poenae
719 2164 961 2208 subeundae
994 2178 1132 2217 causa,
1162 2163 1419 2222 praesertim
1441 2164 1480 2206 si
1511 2163 1585 2207 diu
1622 2178 1657 2206 V.
1687 2178 1748 2221 gr.
1772 2165 1823 2208 ad

201 2238 397 2278 maiorem
433 2238 527 2278 anni
565 2240 720 2291 purtem
755 2235 991 2278 duraturae
1022 2235 1107 2277 sint
1142 2235 1206 2277 1113
1247 2237 1562 2278 «commoratio
1590 2253 1603 2271 »
1637 2235 1699 2278 vel
1725 2234 1827 2279 haec

203 2306 525 2354 «collocatio»,
561 2309 656 2363 quia
692 2312 787 2349 tunc
821 2308 988 2349 omnim)
1020 2306 1213 2348 standum
1247 2310 1306 2348 est
1329 2308 1515 2363 sequenti
1543 2308 1823 2363 praescripto:

199 2376 473 2434 imponantur
506 2376 756 2420 iudicialiter
793 2376 854 2420 vel
890 2382 1006 2420 extra
1043 2377 1240 2420 iudiciuin
1270 2382 1429 2419 tantum
1464 2376 1506 2419 in
1541 2376 1705 2419 casibus
1724 2390 1824 2433 yra-

200 2446 328 2501 vibus,
364 2450 400 2490 in
435 2448 526 2491 aliis
557 2453 695 2491 autem
733 2447 841 2490 valet
876 2450 1083 2504 impositio
1117 2450 1311 2505 quamvis
1355 2447 1495 2490 illicite
1530 2448 1658 2493 tieret.
1702 2453 1826 2505 atque

199 2518 274 2562 hac
301 2518 442 2574 regula
468 2519 775 2575 dignoscendis,
800 2531 969 2575 nempe:
1006 2518 1046 2560 in
1072 2517 1234 2575 qui'bus,
1256 2518 1459 2576 prudenti
1486 2517 1712 2561 ordinarii
1735 2532 1826 2575 poe-

199 2602 293 2632 nam
328 2589 431 2633 hanc
469 2590 679 2632 inferentis
724 2589 894 2643 iudicio,
937 2603 1010 2631 eae
1042 2589 1230 2645 singulae
1259 2603 1420 2647 poenae
1464 2601 1599 2641 verae,
1643 2592 1739 2647 quia
1779 2589 1823 2632 li·

200 2661 400 2704 bertatem
435 2660 575 2703 clerici
611 2660 833 2715 laedentes,
868 2660 1132 2702 necessariae
1164 2661 1250 2703 sint
1287 2659 1479 2717 equidem
1525 2660 1748 2715 moraliter,
1782 2659 1823 2717 a)

199 2730 254 2773 ad
287 2730 430 2773 clerici
448 2730 792 2778 emendationem,
817 2743 923 2788 quae
948 2733 986 2773 111
1013 2731 1444 2786 poenis-vindicativis
1468 2743 1547 2773 non
1573 2730 1822 2784 excluditur,

201 2801 243 2857 b)
277 2807 349 2844 aed
382 2800 576 2844 scandali
612 2801 924 2858 repmationem
975 2815 1047 2858 pro
1081 2806 1227 2845 natura
1263 2813 1488 2857 poenarum
1523 2800 1824 2844 ecclesiastica-

200 2886 291 2915 rum
325 2873 426 2915 alias
459 2872 680 2916 declarata.
