1981 3182
122 140 216 176 Gan.
242 139 448 175 2253-2254
528 139 612 173 Tm
642 140 749 173 VIII.
772 160 784 164 -
802 139 860 174 De
880 141 1019 183 poenis
1045 140 1345 174 medicinalibus
1691 140 1758 172 115

126 261 297 302 innuere
330 258 559 302 clausulam
596 261 633 301 in
672 260 870 313 rescripto
903 256 1021 300 Sedis
1054 257 1210 312 Aplcae
1244 256 1544 311 adhibendam7
1570 258 1640 300 sed
1678 270 1758 301 ma-

128 331 272 372 teriam
308 331 586 372 concessionis
618 330 869 384 exprimere,
903 331 944 370 ut
981 327 1203 382 plurimum
1231 328 1535 383 agnoscendam
1564 328 1757 384 explicita

127 412 396 443 censurarum
431 399 780 442 absolvendarum
815 400 1129 441 enumeratione
1167 397 1228 440 vel
1266 398 1567 454 designatione,
1601 404 1643 441 ut
1690 411 1758 454 pa-

124 470 228 513 tebit
260 472 298 512 in
332 473 521 527 sequenti
554 482 724 512 canone.
761 468 877 511 luvat
911 481 1078 525 quoque
1116 470 1268 511 ret'erre
1292 468 1427 511 adhuc
1450 469 1462 490 ¹
1501 471 1644 525 vigens
1670 474 1758 525 post

126 540 321 585 Codicem
358 554 599 597 responsum
635 540 674 583 S.
710 540 1053 582 poenitentiariae
1087 539 1243 595 Aplcae
1279 538 1306 581 ²:
1340 554 1357 578 «
1384 540 1444 581 An
1484 539 1655 582 Praelati
1681 539 1756 583 Re-

127 611 292 667 gulares
327 616 415 667 post
448 616 577 654 const.
612 609 878 668 Aposlolz'cae
916 609 1037 651 Sedis
1086 609 1229 652 iisdem
1285 609 1516 665 privilegiis
1549 611 1759 666 gaudeant

127 682 278 740 quibus
311 687 446 735 antea,
480 681 519 725 id
553 686 611 724 est
648 683 801 737 possint
838 694 912 723 nec
948 693 996 723 ne
1029 693 1125 723 suos
1158 679 1346 723 subditos
1379 679 1598 723 absolvere
1632 693 1652 723 a
1691 694 1757 724 ca-

126 752 240 796 sibus
275 752 490 809 papalibus
524 754 562 794 in
596 752 705 794 dicta
739 752 1039 794 Constitutione
1073 750 1128 807 (et
1166 763 1272 793 nunc
1310 753 1346 792 in
1386 749 1556 806 Codice)
1600 750 1756 806 simpli-

127 826 231 866 citer
266 825 500 866 reservatis.
527 848 580 853 —
605 822 651 866 R.
685 821 906 878 Negatixe,
937 821 1065 864 salvis
1100 821 1179 863 illis
1214 820 1477 864 facultatibus
1511 833 1616 878 quae
1667 835 1756 877 pro·

128 898 295 937 manant
327 907 376 936 ex
413 895 624 948 rescriptis
659 891 979 949 particularibus
1012 892 1062 934 ad
1101 897 1262 947 tempus
1296 893 1567 936 concessis»,
1592 896 1628 934 et
1664 893 1752 948 qui-

127 964 220 1008 dem
256 977 349 1007 cum
385 977 528 1006 eorum
563 963 837 1019 amplitudine
873 965 1027 1006 tenoris
1060 962 1194 1018 quoad
1231 974 1429 1005 censuras
1463 961 1758 1005 absolvendas.

246 1035 314 1078 78.
349 1036 421 1080 De
453 1036 769 1081 absolutione
800 1049 826 1079 a
863 1036 1082 1080 censuris
1115 1035 1531 1080 extraordinaria.
1577 1036 1614 1077 S.
1655 1032 1760 1075 Con-

128 1108 314 1163 gregatio
347 1108 385 1150 S.
420 1103 556 1150 Officii
593 1108 844 1161 interrogata
882 1105 896 1126 ³
935 1121 957 1146 «
982 1105 1050 1150 2...
1088 1109 1223 1147 utrum
1260 1104 1559 1147 recurrendum
1597 1106 1662 1158 sit,
1685 1103 1760 1146 sal-

128 1183 208 1221 tem
245 1191 316 1234 per
350 1176 506 1220 litteras
540 1177 588 1219 ad
625 1176 772 1219 Emum
807 1175 929 1219 Card.
964 1176 1329 1218 poenitentiarium
1368 1189 1440 1231 pro
1464 1175 1657 1218 omnibus
1695 1187 1757 1217 ca-

127 1247 241 1292 sibus
275 1248 407 1304 Papae
443 1249 680 1300 reservatis,
717 1249 791 1289 nisi
836 1246 1067 1303 Episcopus
1115 1245 1262 1288 habeat
1311 1245 1491 1300 speciale
1542 1245 1760 1295 indultum,

129 1324 419 1376 praeterquam
458 1321 495 1361 in
531 1318 705 1361 articulo
738 1319 894 1360 mortis.
929 1318 978 1360 ad
1026 1316 1291 1360 obtinendam
1343 1316 1586 1359 absolvendi
1639 1316 1761 1359 tacul-

128 1390 285 1433 tatem‘?
319 1389 440 1445 Resp.
476 1389 536 1432 Ad
574 1389 596 1431 2
632 1389 893 1453 ΑΠῙΗῑιεῐί)-ο
919 1406 957 1441 »‚
990 1388 1061 1431 sed
1098 1389 1300 1430 concessit
1339 1406 1356 1426 «
1381 1389 1486 1430 sacto
1513 1386 1640 1429 verbo
1663 1400 1755 1429 cum

129 1466 292 1504 Ssmo»
345 1461 580 1504 facultatem
618 1463 655 1502 in
691 1459 857 1503 casibus
903 1458 1212 1515 urgentioribus
1255 1461 1366 1501 iuxta
1414 1462 1587 1514 primam
1634 1458 1760 1513 hypo-

129 1533 274 1575 thesim
310 1534 480 1575 canonis
515 1534 679 1574 iamiam
715 1531 969 1574 declarandi.
1005 1532 1083 1574 Sed
1121 1530 1265 1572 eadem
1302 1530 1339 1573 S.
1373 1529 1650 1585 Congregatio
1673 1542 1756 1571 am-

129 1602 273 1658 pliavit
306 1602 543 1645 facultatem
578 1601 655 1645 sub
688 1601 817 1644 altera
851 1603 1023 1645 canonis
1058 1600 1275 1657 hypothesi
1319 1602 1356 1642 in
1403 1613 1599 1655 responso
1648 1599 1696 1642 ad
1742 1602 1753 1638 t

127 1673 297 1716 alterius
329 1673 484 1717 decreti
521 1673 600 1715 diei
642 1673 689 1714 16
724 1672 832 1715 Junii
874 1672 981 1714 1897
1008 1673 1035 1713 ⁴.
1064 1672 1209 1714 Plurae
1232 1670 1337 1714 aliae
1360 1670 1641 1727 subsequutae
1666 1675 1757 1713 sunt

129 1743 431 1787 declarationes
450 1743 613 1786 illorum
635 1742 922 1792 Decretorum„
941 1756 1047 1799 quae
1067 1744 1203 1784 omnia
1226 1741 1345 1797 paulo
1367 1743 1596 1784 immutatis
1623 1740 1760 1784 xerbis

130 1816 253 1858 refert.
285 1829 376 1857 can.
410 1816 550 1858 2254.
585 1814 603 1869 ξ
639 1817 672 1857 1.
710 1813 755 1856 ln
789 1813 953 1856 casibus
986 1813 1160 1869 singulis
1196 1811 1520 1869 uiyenlioribm.
1551 1814 1619 1868 qui
1661 1811 1761 1854 tales

127 1887 209 1928 sint
241 1884 293 1929 ob
325 1885 567 1928 alterutram
602 1889 842 1942 sequentem
879 1884 1173 1931 conditionem,
1208 1882 1248 1939 a)
1283 1883 1320 1925 si
1365 1896 1520 1939 netum,
1556 1896 1633 1924 non
1680 1884 1758 1924 iam

134 1958 217 1999 «in
251 1956 402 2014 quibus
434 1956 638 2000 absolutio
672 1956 816 1999 diferri
853 1960 1091 2013 nequeat»,
1126 1955 1234 2012 quod
1271 1955 1322 1997 do
1357 1958 1620 2010 peccatorum
1647 1952 1760 1996 abso-

130 2027 284 2071 lutione
318 2028 488 2084 intelligi
526 2041 597 2084 per
630 2041 815 2070 errorem
853 2031 1000 2083 posset,
1034 2026 1105 2069 sed
1131 2039 1332 2068 censurae
1362 2025 1476 2067 latae
1513 2024 1758 2077 sententiae,

129 2112 201 2142 seu
238 2102 316 2142 iam
353 2102 557 2151 incursae,
593 2098 787 2156 equidem
823 2098 1003 2141 exclusis
1036 2098 1128 2140 aliis
1157 2113 1174 2137 «
1200 2096 1250 2140 ab
1276 2097 1440 2139 homine
1463 2112 1485 2136 »
1515 2098 1627 2138 iuxta
1649 2107 1762 2151 prae-

130 2171 316 2214 cedentis
349 2172 450 2213 iuris
484 2175 683 2224 tenorem,
717 2169 904 2212 emerius
928 2168 1093 2211 serrari
1116 2173 1336 2223 nequeant,
1362 2171 1502 2223 utpote
1527 2168 1761 2222 incognitae

130 2241 233 2293 aliis,
267 2240 359 2283 sine
387 2240 578 2298 periculo
599 2241 745 2297 {fruris-
769 2239 976 2284 scczmlali.
1006 2253 1040 2280 v.
1060 2253 1123 2295 gr.
1145 2238 1196 2282 ob
1216 2252 1292 2280 non
1316 2237 1566 2281 celebratam
1594 2239 1757 2279 missam

131 2324 152 2354 a
187 2311 367 2368 parocho
414 2311 516 2355 bene
564 2311 713 2354 valenti
759 2311 824 2354 die
871 2310 1092 2361 l'aschatis„
1127 2308 1189 2351 vel
1235 2308 1454 2366 infizmiae,
1498 2322 1532 2350 v.
1569 2321 1628 2363 gr.
1664 2308 1758 2363 quia

130 2385 309 2439 suspicio
343 2385 530 2425 criminis
564 2385 601 2425 in
627 2382 919 2425 certitudinem
948 2380 1145 2423 moralem
1173 2382 1362 2422 transiret
1389 2379 1496 2435 apud
1524 2378 1759 2434 prudentes,

132 2458 169 2496 et
203 2455 396 2510 quamvis
434 2458 571 2495 «ante
603 2455 848 2496 sententiam
884 2451 1202 2495 declarator-iam
1236 2463 1257 2493 a
1292 2463 1466 2493 censura
1500 2448 1761 2492 observanda

130 2523 376 2580 delinquens
408 2528 634 2566 excusatur
676 2525 839 2580 quoties
882 2535 971 2565 eam
1015 2534 1186 2564 serrare
1229 2523 1316 2563 sine
1360 2521 1527 2562 infamia
1573 2520 1757 2574 nequit»

132 2594 240 2652 (can.
277 2594 404 2647 2232,
438 2596 462 2648 ἓ
497 2593 554 2651 i),
591 2594 809 2650 benignius
842 2596 927 2649 agit
958 2606 1051 2636 cum
1089 2592 1157 2634 illo
1190 2591 1389 2645 Ecclesia,
1425 2593 1538 2633 iuxta
1564 2590 1671 2632 hunc
1695 2602 1759 2631 ca-

134 2678 297 2707 nonem.
331 2665 408 2708 Sed
446 2667 558 2720 prius
581 2663 844 2707 declaremus
866 2663 1037 2707 alteram
1063 2662 1350 2719 hypothesim:
1387 2660 1429 2718 b>
1454 2665 1528 2703 aut
1551 2660 1588 2702 si
1610 2659 1759 2702 durem}

252 2795 262 2815 ¹
291 2793 367 2827 Sed
395 2793 485 2827 vide
511 2793 618 2827 dicta
645 2793 686 2826 in
714 2804 799 2826 car..
828 2792 936 2833 2237,
964 2795 983 2833 ξ
1001 2793 1023 2824 2
1049 2803 1119 2825 seu
1138 2792 1177 2825 in
1197 2803 1286 2836 pag.
1305 2791 1363 2825 84.
1394 2810 1435 2815 —-
1463 2790 1477 2812 2
1503 2789 1632 2823 5Dec.
1658 2787 1759 2821 1813.

134 2840 385 2875 Collectanea.
423 2841 461 2874 S.
491 2841 533 2874 C.
579 2840 624 2873 de
667 2840 710 2873 P.
747 2840 788 2875 F.
828 2852 861 2874 n.
897 2840 999 2875 1403.
1036 2860 1081 2864 --
1120 2839 1133 2860 3
1170 2839 1215 2872 23
1241 2838 1334 2873 Jun.
1364 2838 1466 2871 1886.
1513 2836 1762 2870 Collectanea

134 2887 172 2922 S.
202 2888 242 2922 C.
272 2888 319 2922 de
346 2887 389 2922 P.
422 2888 463 2921 F.
493 2899 531 2922 n.
565 2888 666 2922 1658.
693 2908 736 2911 -
762 2889 776 2908 4
804 2887 1054 2921 collectanea
1081 2885 1119 2920 S.
1141 2885 1286 2930 Congr.
1308 2885 1353 2919 de
1380 2885 1423 2918 P.
1454 2884 1495 2919 F.
1521 2895 1558 2917 n.
1587 2882 1688 2917 1971.
