1981 3182
209 110 256 144 96
675 111 761 144 Liss.
791 110 836 145 V.
866 131 878 136 -
906 111 1018 146 PARS
1045 111 1094 146 II.
1122 132 1135 137 -
1161 112 1219 147 De
1238 116 1377 157 poenis
1521 113 1614 149 Can.
1642 114 1847 151 2242-2243

214 230 399 282 venitus),
432 231 718 274 satisfaciat».
757 229 803 273 Et
841 230 941 273 liaec
975 233 1111 274 omnia
1147 231 1285 276 adhuc
1321 236 1461 289 vigent
1495 236 1533 276 in
1568 247 1726 278 canone
1768 237 1841 278 im·
1978 233 1981 257 '

214 300 365 357 plicita.
407 327 457 331 —
509 306 564 344 t)e
610 301 695 344 sola
743 303 991 357 poenitentia
1039 306 1270 346 necessaria
1315 306 1597 347 testimonium
1646 304 1848 349 habemus

214 371 348 415 lnnoc.
386 371 435 414 lll
470 372 648 415 dicentis
690 374 726 414 in
772 385 861 428 cap.
909 372 954 414 11
1012 373 1108 416 «de
1152 374 1562 418 constitutionibus»
1609 375 1652 429 (I.
1699 375 1741 433 2)
1785 375 1845 419 Χ;

216 458 238 482 «
260 456 352 485 cuin
390 448 470 485 tam
508 445 610 487 iuris
643 445 831 486 canonici
868 456 992 500 quam
1030 447 1156 487 nostri
1193 448 1319 488 moris
1352 448 1514 500 existat,
1540 451 1581 489 ut
1607 448 1729 504 isqui
1755 460 1846 503 pro—

215 518 303 569 pter
335 516 640 557 contumaciam
675 516 972 557 communione
1018 517 1222 570 privatur,
1256 529 1349 559 cum
1391 518 1711 560 satisfactionem
1755 531 1847 561 con-

211 596 358 639 gruam
393 584 646 635 exhibuerit,
682 586 985 627 restitutionem
1021 584 1230 628 obtineat:
1268 584 1511 629 Mandamus
1543 592 1747 644 quatenus
1779 601 1845 631 su·

214 654 445 710 pradictum
473 657 717 711 magistrum
742 657 905 697 statutis
928 658 1074 698 vestris
1095 669 1202 699 nunc
1222 656 1433 699 humiliter
1453 669 1598 713 parere
1616 662 1845 711 curantem.

211 726 262 768 ad
297 728 602 768 communionis
639 730 800 768 vestrae
835 729 1090 769 consortium
1127 729 1164 769 in
1203 727 1512 783 magistralibus
1551 728 1845 773 admittatis».

213 795 251 837 ln
288 797 480 839 mandato
516 801 625 852 patet
657 809 802 839 sensus
840 801 967 839 «tam
1003 800 1102 840 iuris
1136 800 1340 847 canonici,
1377 811 1499 855 quam
1536 801 1662 842 morIs
1684 814 1724 843 )).

327 865 479 910 Ultima
516 881 614 910 vero
646 867 685 925 §³
722 880 815 922 pars
861 868 1060 911 suadetur
1105 871 1142 910 in
1191 871 1319 912 veteri
1365 871 1452 912 iure
1497 869 1548 913 ob
1587 868 1842 913 Decretalem

213 936 328 980 Alex.
364 937 414 980 Ill
440 938 468 990 ¹,
502 938 669 995 quando
702 941 779 981 ait:
825 940 976 983 «Sane
1013 942 1043 982 si
1089 941 1181 996 quis
1227 953 1298 995 pro
1342 943 1618 985 contumacia.
1659 940 1720 983 vel
1766 941 1845 984 alia

209 1007 393 1065 qualibet
426 1021 563 1062 causa,
600 1009 818 1053 interdicto
856 1009 917 1052 vel
952 1012 1384 1054 excommunicatione
1419 1016 1582 1053 tenetur
1604 1011 1845 1064 adstrictus.¹

212 1084 250 1122 et
285 1079 401 1122 otlert
435 1093 478 1123 se
511 1080 561 1123 ad
598 1082 793 1123 iustitiam
828 1080 879 1123 de
914 1080 975 1123 liis
1011 1094 1083 1136 pro
1117 1080 1268 1138 quibus
1306 1084 1553 1124 sententiam
1601 1084 1730 1138 ipsam
1776 1096 1845 1126 ex-

213 1152 342 1206 cepit:
381 1151 503 1193 iudex
538 1164 632 1194 eum
669 1151 737 1208 (ne
773 1153 809 1194 in
846 1154 1278 1195 excommunicatione
1314 1152 1505 1206 decedat}
1537 1152 1756 1196 absolvere
1782 1167 1845 1210 po-

214 1223 330 1264 terit:
366 1224 488 1265 etiam
523 1224 554 1265 si
593 1235 685 1278 pars
718 1222 893 1265 adversa
920 1222 1247 1270 lie-absolvatur,
1273 1223 1563 1279 appellationis
1587 1224 1846 1268 obstaculum

215 1295 450 1349 interponat
477 1308 514 1338 )>,

333 1364 399 1407 67.
438 1365 510 1410 De
543 1367 763 1411 censuris
796 1368 861 1410 ab
896 1367 1093 1413 homine
1127 1371 1165 1408 et
1210 1381 1228 1405 «
1255 1378 1361 1421 quae
1405 1366 1722 1409 considerantur
1764 1372 1848 1410 tan-

213 1447 337 1491 quam
373 1434 424 1478 ab
458 1434 625 1478 homine
649 1452 669 1476 ))
709 1435 818 1493 (can.
846 1435 1025 1494 2217&
1062 1436 1096 1484 1„
1134 1436 1197 1493 30)
1232 1441 1380 1480 tractat
1419 1451 1509 1479 ean.
1542 1438 1670 1480 2243>
1712 1437 1846 1495 quoad

212 1508 528 1562 suspensionem
564 1519 722 1550 earum.
758 1521 806 1550 ne
843 1510 1109 1550 incurrantur
1145 1512 1311 1564 propter
1345 1508 1665 1564 appellationem
1704 1507 1766 1551 vel
1790 1521 1850 1552 re·

214 1591 397 1620 cursum.
430 1580 455 1627 ,8,
488 1581 524 1620 1.
562 1577 777 1621 Censurue
809 1578 1017 1636 quaelibet
1058 1579 1296 1622 «terendae
1333 1581 1624 1626 sententiae»,
1659 1581 1755 1637 quia
1790 1579 1849 1622 in-

212 1648 358 1706 [lic-tae
386 1663 464 1706 per
495 1649 748 1692 sententiam
782 1649 1040 1697 iudicialem,
1068 1652 1193 1705 igitur
1217 1650 1266 1692 ad
1294 1663 1479 1693 normam
1500 1663 1590 1693 can.
1618 1650 1745 1703 1868,
1764 1653 1788 1703 ξ
1809 1651 1846 1703 1,

212 1719 358 1762 statim
402 1734 450 1762 qe
497 1722 555 1763 sic
604 1719 718 1763 latae
765 1719 945 1777 fuerint,
978 1724 1014 1773 a)
1048 1721 1355 1763 exseeuttonem
1405 1719 1705 1778 seeamsernnt,
1748 1723 1845 1778 quin

216 1791 388 1846 proinde
422 1791 727 1847 expectandum
764 1794 826 1844 sit,
863 1796 904 1834 ut
944 1805 1053 1834 «res
1088 1791 1265 1834 iudicata
1292 1791 1494 1834 habeatur
1517 1807 1536 1831 ))
1567 1791 1677 1848 (can.
1700 1790 1847 1848 1902),

213 1864 402 1918 sequitur
435 1864 543 1905 enlin
581 1861 622 1918 b)
658 1876 730 1904 nec
763 1861 811 1904 ab
835 1862 894 1904 eis
918 1865 1105 1905 censuris
1129 1864 1187 1905 sic
1212 1861 1305 1905 latis
1328 1861 1457 1904 datur
1490 1862 1738 1920 appellatio„
1762 1862 1848 1905 Μετ’

216 1931 257 1974 in
292 1931 540 1983 devolutivo,
581 1933 760 1977 scilicet:
797 1945 904 1991 quae
942 1946 1064 1975 «non
1100 1933 1315 1989 suspendit
1350 1936 1659 1976 exsecutionem
1685 1938 1848 1976 senten-

217 2006 338 2047 tiae»
377 2017 500 2060 supra
532 2007 719 2060 positam,
757 2004 895 2047 «licet
931 2004 978 2047 lis
1011 2003 1147 2047 adhuc
1183 2004 1356 2059 pendeat
1392 2006 1503 2047 cirea
1539 2007 1730 2047 meritum
1755 2016 1846 2048 cau-

214 2087 283 2117 sae
308 2091 345 2120 )).
382 2075 505 2119 idest:
540 2077 649 2118 circa
693 2077 891 2118 iustitiam
934 2076 1171 2118 intlictionis
1215 2088 1428 2118 censurae.
1475 2076 1611 2132 Atque
1654 2074 1731 2118 boc
1773 2076 1847 2118 suit

214 2146 535 2202 exprimendum
571 2152 738 2202 propter
771 2149 1021 2190 contrariam
1058 2159 1244 2189 normam
1276 2146 1315 2204 ξ’
1353 2146 1394 2189 ‘2²
1430 2152 1537 2189 can.³
1573 2146 1696 2189 1889.

337 2217 602 2274 Prosequitur
635 2230 789 2260 canon:
827 2217 925 2260 item
959 2217 1010 2261 ob
1046 2220 1262 2273 paritatem
1297 2232 1321 2259 (1
1361 2217 1550 2260 censuris
1593 2216 1849 2273 quibuslibet

215 2287 266 2330 ab
301 2287 481 2340 bomine,
515 2301 610 2345 quia
646 2287 701 2330 ad
735 2288 898 2331 modam
928 2288 1158 2345 praecepti,
1201 2290 1290 2331 sive
1334 2287 1722 2341 extraiudicialiter,
1757 2290 1846 2331 sive

217 2373 290 2415 per
326 2376 345 2399 α
371 2359 519 2402 indicis
554 2362 932 2414 pronunciationes,
965 2372 1070 2416 quae
1104 2359 1271 2402 decreta
1309 2364 1553 2402 vocantur»
1581 2364 1689 2414 (can.
1719 2358 1845 2411 1868,

215 2430 243 2486 ξ
275 2429 317 2486 2)
355 2430 540 2487 inflictis,
578 2431 833 2487 proindeque
881 2433 1018 2472 statim
1065 2430 1339 2475 incurrendis,
1383 2428 1514 2472 datm·
1555 2442 1752 2471 recursus
1795 2429 1844 2471 ad

215 2501 481 2556 Superum-<2111
517 2506 837 2557 competentem,
869 2500 943 2543 sed
974 2500 1015 2543 in
1051 2499 1288 2543 ‹lerolulico
1325 2505 1501 2544 lirnium.
1538 2498 1760 2543 Videlicet:
1787 2502 1845 2541 in-

214 2574 398 2614 curritur
431 2584 620 2617 censura,
656 2573 848 2628 quamvis
885 2574 1008 2627 possit
1042 2570 1092 2614 ab
1129 2570 1196 2613 illo
1221 2572 1443 2626 Super-iore
1468 2572 1618 2613 iniusta
1642 2570 1845 2613 declarari

218 2648 304 2698 post
342 2644 491 2698 negotii
532 2655 720 2685 examen.

335 2712 421 2755 Hoc
457 2715 756 2768 praescriptum
792 2712 913 2755 liuius
946 2715 1116 2755 canonis
1153 2715 1257 2755 sicut
1302 2716 1339 2754 et
1383 2724 1561 2768 sequens
1605 2713 1683 2754 iam
1731 2713 1844 2752 inve-

336 2867 345 2887 ¹
375 2866 464 2910 Cap.
495 2865 540 2898 26
575 2881 587 2894 «
607 2865 653 2899 de
678 2865 1057 2909 appellationibus...
1083 2877 1101 2898 ›
1130 2865 1196 2909 (ΙΙ,
1225 2866 1284 2906 28)
1313 2865 1363 2898 X.
