1981 3182
117 107 210 142 Can.
237 107 331 142 2195
494 109 577 143 T1T.
604 109 633 144 Ι.
660 130 672 135 -
699 110 756 145 De
781 113 929 145 natura
954 114 989 146 et
1013 113 1204 147 divisione
1228 114 1359 148 delicti
1722 116 1743 148 5

117 242 166 272 ex
191 228 330 273 delicti
365 223 581 273 elementis
615 232 764 286 petitae
788 230 864 273 sub
897 243 986 274 can.
1012 230 1140 284 2196,
1173 230 1251 273 alia
1285 244 1333 274 ex
1370 231 1478 274 illius
1510 234 1746 288 cognitione

117 313 189 356 per
221 312 311 343 can.
337 301 464 349 2¹97,
503 304 567 344 cui
605 301 773 344 ultimus
797 301 901 344 tituli
933 300 1189 344 subinfertur
1217 302 1500 345 determinans
1542 306 1648 346 inter
1681 316 1748 360 po-

115 375 281 414 testates
314 371 501 427 publicas
534 372 699 415 civilem
736 377 859 429 atque
892 371 1230 421 ecclesiasticam,
1266 385 1469 429 quaenam
1509 375 1546 416 iu
1581 373 1747 417 casibus

114 443 177 485 ius
211 441 360 485 babeat
395 443 668 499 persequendi
701 445 860 498 singula
902 442 1065 485 delicta.

232 513 270 555 7-
306 514 480 560 Delicti
514 518 755 566 naturam,
789 526 867 556 non
903 513 1186 570 philosophice
1209 527 1280 556 seu
1316 513 1521 557 abstracte
1556 515 1744 558 conside-

114 589 258 630 ratam.
279 585 364 638 sed,
386 590 427 628 ut
445 588 502 628 ait
519 598 607 626 ean.
628 586 748 628 2195
774 586 810 626 in
836 590 1030 628 concreto
1056 584 1240 641 loquens,
1262 588 1372 628 iuxta
1398 585 1561 629 Codicis
1586 599 1742 629 morem

114 658 371 711 respicientis
405 658 564 712 praxim
600 655 800 706 fidelium,
836 656 957 698 tradit
992 658 1016 709 ᾖ
1050 659 1084 700 1.
1121 655 1297 699 Nomine
1328 655 1489 704 delicti,
1514 670 1585 699 scu
1623 657 1744 700 huius

116 726 230 771 verbi
264 728 566 783 significatione
601 729 779 783 propria,
804 726 898 769 iure
921 731 1071 771 tamen,
1096 727 1173 770 sub
1196 727 1375 770 diversis
1410 728 1644 770 huiusmodi
1676 741 1742 771 ac-

112 797 384 854 ceptionibus,
417 796 700 840 ecclesiastico
733 811 804 840 seu
839 798 947 853 apud
975 797 1200 841 Ecclesiam
1230 800 1409 853 vigente,
1434 801 1675 854 praesertin]
1703 800 1740 840 in

112 868 274 913 Codicis
308 882 381 911 usu
416 867 676 925 inlelliyitur
708 874 746 922 a)
778 874 970 923 externa,
999 876 1115 925 prout
1152 869 1203 912 ab
1237 868 1397 913 actibus
1432 883 1544 912 mere
1572 871 1742 912 internis

110 939 391 994 distinguitur,
424 941 493 996 qui
528 939 708 983 hominis
741 940 1007 983 facultatibus
1039 940 1136 983 solis
1159 954 1355 983 sensuum
1383 943 1656 994 internorum,
1683 943 1740 982 in-

110 1009 297 1054 tellectus
329 1023 377 1054 ac
415 1010 637 1054 voluntatis
669 1011 945 1067 complentur,
981 1025 1027 1055 ac
1064 1012 1236 1068 proinde
1276 1028 1294 1052 «
1315 1024 1420 1068 quae
1454 1011 1648 1054 sensibus
1672 1025 1740 1054 ex-

110 1084 237 1125 ternis
271 1085 425 1139 percipi
461 1096 511 1126 ex
545 1096 588 1126 se
625 1085 801 1138 possit».
834 1085 994 1126 etiamsi
1021 1083 1157 1126 nullus
1181 1083 1298 1131 alius,
1335 1096 1408 1136 nec
1447 1083 1581 1125 forsan
1617 1082 1743 1125 doliu>

109 1166 240 1210 quens
283 1156 498 1210 percipiat,
535 1168 569 1194 v.
604 1168 665 1210 gr.
705 1154 856 1197 surdus
907 1156 1120 1210 proferens
1168 1154 1279 1196 solus
1330 1153 1629 1209 blasphemiam
1680 1154 1740 1196 ¹fel

110 1224 327 1276 baeresim,
364 1223 406 1281 b)
439 1230 477 1267 et
511 1224 733 1267 moraliter
773 1224 1048 1282 imputabilis,
1085 1238 1131 1267 eo
1175 1225 1283 1282 quod
1330 1224 1462 1267 adsint
1511 1224 1744 1267 intellectus

109 1295 353 1339 deliberatio
386 1301 425 1339 et
461 1296 684 1339 voluntatis
717 1309 956 1349 consensus,
992 1301 1087 1339 tunc
1131 1298 1239 1339 enim
1284 1295 1546 1337 solummodo
1582 1294 1739 1337 homini

110 1372 153 1411 ut
184 1369 357 1411 actionis
389 1368 557 1410 domino
592 1368 692 1411 haec
731 1367 972 1411 attribuitur
1005 1366 1044 1423 c)
1080 1366 1185 1424 leqis
1218 1366 1541 1417 ecclesiasticae,
1577 1368 1740 1409 univer-

107 1439 204 1483 salis
240 1426 302 1481 vel
340 1438 613 1495 particularis,
648 1452 777 1482 canon
813 1441 920 1481 enim
958 1451 1036 1480 non
1071 1438 1301 1494 distinguit,
1339 1437 1527 1485 riolulio,
1554 1437 1740 1480 iaciendo

108 1510 216 1568 quod
255 1512 425 1553 vetitum
464 1510 525 1552 vel
561 1510 788 1553 omittendo
823 1509 930 1566 quod
967 1514 1207 1566 preceptum
1243 1508 1294 1552 ab
1328 1522 1374 1551 ea
1409 1510 1473 1561 sit,
1498 1508 1568 1551 sed
1600 1507 1644 1564 (l)
1673 1508 1740 1549 eui

105 1580 251 1637 supple
290 1580 458 1637 «legi»
488 1579 646 1623 midila
681 1581 736 1623 si!
776 1592 856 1637 perx
892 1580 1168 1637 legislatorem
1204 1592 1250 1623 ac
1286 1583 1323 1622 in
1360 1581 1488 1635 ipsius
1528 1582 1739 1629 contextu,

105 1664 153 1695 eo
186 1651 294 1709 quod
330 1651 504 1695 dicitur:
538 1652 700 1695 sanctio
735 1652 937 1695 canonica
983 1652 1108 1694 idest:
1155 1664 1228 1708 per
1264 1665 1316 1693 ss.
1352 1663 1533 1693 canones
1581 1652 1617 1692 in
1663 1649 1737 1692 hoc

104 1722 226 1766 Libro
259 1721 423 1767 Codicis
458 1725 683 1779 recognita,
717 1728 755 1766 et
789 1737 839 1766 ex
873 1736 951 1780 qua
989 1722 1050 1765 lex
1099 1724 1282 1765 munitur
1315 1723 1367 1765 ab
1401 1721 1467 1764 illa
1504 1721 1612 1764 facili
1653 1725 1736 1763 rio-

105 1793 268 1847 latione.
299 1797 405 1838 sicut
438 1794 490 1838 de
523 1794 646 1838 rebus
678 1797 831 1838 sanctis
866 1797 902 1836 in
939 1796 1181 1851 antiquitate
1217 1793 1353 1848 tiebat,
1377 1792 1526 1835 sallem
1560 1791 1723 1834 imleter

105 1866 279 1921 minata,
308 1882 330 1908 «
352 1869 384 1910 si
411 1866 602 1923 prudenti
626 1865 798 1909 arbitrio
825 1866 973 1909 iudicis
999 1865 1060 1908 vel
1087 1867 1320 1921 Superioris
1355 1864 1496 1907 relicta
1521 1866 1571 1907 sit
1596 1863 1737 1919 (legis)

107 1936 288 1981 verbis»
327 1938 435 1994 (can.
472 1938 597 1991 ’,ὓ-ΞΠ,
631 1939 658 1995 g
694 1937 729 1991 1,
768 1936 842 1993 10).
878 1936 935 1979 Ex
973 1936 1048 1979 hac
1081 1936 1323 1979 ‹lctinitionc
1368 1934 1490 1978 facile
1531 1939 1736 1977 eruuntur

102 2010 184 2054 duo
216 2010 419 2053 elementa
453 2009 592 2052 delicti
626 2008 882 2052 subiectiva:
919 2010 958 2063 (1)
994 2007 1220 2054 materiale,
1253 2006 1362 2063 quod
1388 2011 1446 2048 est
1477 2005 1625 2060 «legis
1651 2007 1734 2046 xio-

102 2081 199 2125 latio
222 2097 260 2135 »‚
295 2079 332 2132 b)
363 2079 535 2123 formale
583 2084 776 2123 constans
825 2078 1157 2135 imputabilitatc.
1198 2078 1361 2134 aliaque
1405 2078 1486 2119 (luo
1531 2076 1732 2119 elementa

101 2152 323 2206 obiectiva,
357 2151 537 2195 scilicet:
573 2152 608 2196 et
642 2152 747 2194 adsit
781 2149 929 2193 violata
969 2149 1079 2192 «lex
1114 2162 1254 2191 secum
1289 2148 1458 2191 edicens
1492 2160 1733 2204 poenam»,

101 2236 151 2267 ex
185 2236 267 2281 quo
299 2225 488 2280 sequitur
520 2221 564 2279 d)
584 2222 782 2265 damnum
809 2222 947 2264 inferri
975 2219 1081 2264 bono
1105 2221 1331 2270 communi,
1357 2223 1458 2262 teste
1484 2217 1735 2274 legislatore,

101 2296 170 2351 qui
204 2296 262 2337 sic
295 2293 393 2336 illud
429 2293 653 2337 efficaciter
689 2295 819 2335 vitare
854 2291 1040 2335 intendit.

219 2364 306 2408 Hae
341 2364 451 2421 leges
486 2363 678 2420 poenales
714 2377 785 2420 pro
821 2366 1014 2406 universa
1039 2362 1223 2405 Ecclesia
1250 2361 1389 2404 Latina
1428 2363 1627 2417 vigentes,
1654 2373 1731 2401 uon

102 2437 182 2479 iam
218 2435 447 2491 peculiares
481 2437 594 2478 iuxta
633 2435 956 2478 declarationem
992 2436 1030 2476 in
1065 2432 1373 2477 Commentario
1406 2431 1560 2475 Textus
1593 2431 1730 2474 ‹latani

101 2504 229 2548 num.¹
264 2505 301 2548 5¹
340 2507 389 2549 ad
429 2519 518 2550 can.
555 2508 594 2560 6,
638 2509 908 2549 inveniuntur
957 2518 1100 2548 omnes
1150 2507 1187 2546 in
1237 2504 1359 2546 huius
1402 2502 1510 2546 Libri
1548 2501 1579 2544 Υ
1617 2502 1732 2545 l'arte

101 2578 234 2620 tertia.

218 2647 304 2690 Non
345 2648 466 2692 aliam
507 2649 644 2692 delicti
679 2650 1026 2705 significationem
1061 2648 1129 2691 (lat
1161 2647 1189 2705 ἓ
1220 2650 1263 2695 ξ),
1298 2647 1367 2690 sed
1405 2652 1561 2690 tantum
1600 2646 1732 2689 brevi-

100 2722 193 2763 tatis
226 2720 349 2764 causa
393 2732 596 2764 canonum
644 2723 896 2777 praescripta
940 2720 1139 2773 extendit,
1175 2719 1403 2762 admonens
1441 2719 1729 2775 praeceptive:

99 2790 195 2836 Nisi
227 2806 278 2834 ex
311 2790 524 2834 adizmctis
557 2804 761 2835 canonum
787 2790 1045 2847 singulorum
1082 2789 1202 2832 alim!
1235 2789 1449 2832 diversum
1476 2787 1541 2831 rel
1567 2792 1726 2830 contra-

101 2867 206 2908 rium
240 2866 427 2921 sequenti
463 2876 632 2905 normae
666 2867 886 2920 appareat,
922 2861 1094 2919 proinde
1132 2861 1387 2904 sufficienter
1420 2860 1586 2916 liqueat,
1622 2871 1728 2914 quae
