1981 3182
223 165 292 198 *212
437 151 446 158 ⁶
602 164 686 197 Lir..
708 164 752 198 Y.
772 185 783 189 -
808 165 915 198 PAsss·
933 165 1003 198 ΠΙ.
1027 185 1039 189 -
1059 165 1266 208 Depoenis
1287 167 1328 198 in
1346 166 1486 199 delicta
1640 166 1732 199 (lan.
1762 165 1858 200 2322

223 287 307 341 (pii,
331 285 485 339 profani
524 297 616 326 cum
653 286 745 331 sint,
780 283 883 326 adeo
918 285 1205 340 praestantiori
1243 296 1375 326 novae
1400 282 1519 339 Legis
1553 285 1782 327 ministerio
1815 298 1858 327 se

226 358 571 410 ingerereatipie
605 353 854 397 oblationem
891 359 930 397 et
963 355 1311 411 dispensationem
1349 353 1637 410 Mysteriorum
1677 353 1746 398 Dei
1780 353 1855 398 sibi

223 437 421 481 arrogare
466 425 848 480 praesumpserint?
875 440 892 465 ›)
932 425 1136 477 (Proemio
1180 429 1326 467 const.s
1364 427 1460 476 cit.).
1495 424 1561 467 Sic
1597 427 1721 481 igitur
1755 427 1859 468 iuste

225 509 392 551 prorsus
425 495 613 538 decernit
651 508 807 538 canon:
840 495 904 539 Aa
937 495 1127 539 ordinem
1160 494 1479 546 sacerdotalem,
1516 508 1693 552 quocum
1739 496 1860 539 datur

230 571 454 621 «potestas
496 566 695 609 offerendi
742 566 886 610 Missae
929 568 1180 610 sacriticium
1206 582 1226 607 ))
1271 570 1309 609 et
1359 568 1679 609 «ministerium
1723 579 1858 609 sacra-

228 639 351 679 menti
388 639 665 692 poenitentiae
688 652 727 689 )),
765 642 804 679 ut
839 637 1090 693 explicatum
1129 635 1431 693 probatumque
1464 638 1539 678 fnit
1573 638 1610 678 in
1645 648 1735 679 can.
1761 636 1859 691 802,

226 708 324 762 871,
361 721 438 750 non
469 713 702 764 promotus,
735 711 823 751 sive
857 709 1057 751 diaconus
1091 709 1226 757 tuerit,
1262 712 1302 749 ut
1338 709 1375 749 in
1411 720 1500 763 cap.
1528 707 1550 749 ἱ)
1581 707 1675 750 «de
1708 706 1859 750 clerico

227 792 304 821 non
341 779 528 821 ordinato
565 781 823 822 ministrante
850 795 871 818 i>
907 778 972 835 (Υ,
1011 778 1081 835 28)
1118 781 1154 820 in
1194 777 1490 832 Decretalibus,
1523 780 1613 821 sive
1653 778 1861 821 inferioris

225 849 393 894 ordinis.
432 855 471 892 ut
506 863 555 892 ex
591 850 776 893 eiusdem
814 852 871 892 tit.
898 852 1078 903 rubrica,
1112 852 1201 892 sive
1231 864 1251 889 ((
1275 849 1405 892 laicus
1429 865 1448 889 ))
1471 848 1700 892 secundnm
1737 848 1858 892 aliam

225 924 331 964 cit.ae
367 921 556 964 rubricae
595 923 821 964 variantem
862 921 958 963 «de
992 934 1068 963 non
1113 920 1303 963 ordinato
1349 921 1651 962 ministrante»
1689 921 1861 977 eiusque

226 1004 315 1048 cap.
354 992 368 1033 t
406 991 487 1034 «Si
522 994 614 1048 quis
637 1008 675 1045 »‚
701 1004 807 1048 quae
841 992 1128 1047 interpretatio
1163 991 1436 1034 confirmatur
1469 990 1687 1033 evidenter
1719 1003 1769 1033 ex
1803 1003 1860 1033 se-

226 1062 448 1119 quentibus
483 1065 520 1106 in
554 1075 711 1105 canone
745 1067 979 1105 statuente:

179 1134 181 1136 ’
347 1134 388 1175 1⁰
425 1133 470 1176 Si
502 1132 542 1190 a)
579 1133 747 1187 Missae,
774 1149 793 1173 ((
819 1146 897 1175 non
925 1133 1045 1176 modo
1077 1135 1197 1176 nnius
1222 1149 1258 1185 )>,ι
1285 1145 1390 1190 quae
1424 1135 1546 1176 etiam
1583 1132 1729 1176 ritibus
1763 1135 1863 1176 iuris

227 1204 395 1247 bumani
431 1209 603 1257 constat,
640 1203 957 1247 celebrationem
995 1206 1214 1259 integram,
1254 1220 1274 1244 c<
1297 1204 1367 1247 sed
1404 1207 1526 1246 etiam
1565 1206 1686 1246 tinius
1717 1202 1862 1246 Missae

227 1283 402 1331 partem,
435 1276 662 1318 dummodo
711 1275 985 1318 elevationem
1030 1274 1188 1318 hostiae
1235 1275 1295 1318 vel
1344 1274 1496 1318 calicis.
1531 1288 1602 1318 seu
1648 1277 1862 1331 utriusque

228 1349 265 1388 in
291 1346 420 1389 Altari
457 1349 661 1403 peregerit
688 1364 723 1390 ».
752 1359 844 1389 nam
871 1351 966 1389 tunc
999 1348 1165 1402 proprie
1199 1347 1352 1389 dicitur
1374 1344 1655 1399 simulcwerit,
1679 1345 1861 1388 scilicet:

227 1419 410 1459 exterius
434 1418 600 1460 faciens.
621 1418 728 1474 qnod
758 1429 903 1460 revera
928 1419 1062 1460 sciens
1085 1429 1131 1460 ac
1161 1417 1302 1460 volens
1324 1429 1403 1459 non
1429 1417 1603 1472 perlicit,
1628 1431 1647 1457 ((
1671 1418 1864 1474 quamvis

228 1488 277 1530 de
314 1487 540 1543 prolatione
578 1490 733 1531 formae
772 1490 1098 1531 consecrationis
1137 1500 1215 1529 non
1257 1491 1477 1541 constet»,
1516 1485 1579 1529 vel
1614 1485 1681 1529 illa
1713 1488 1862 1529 omissa

229 1560 374 1601 fuerit:
405 1575 426 1599 ε(
449 1572 542 1601 cum
575 1572 622 1601 ex
658 1558 893 1602 huiusmodi
932 1557 1154 1602 verborum
1194 1557 1422 1614 prolatione
1458 1557 1659 1600 tremendi
1694 1557 1861 1614 quidem

227 1630 428 1686 Sacrjticii
465 1635 726 1686 contemptus
760 1635 795 1672 et
831 1630 1111 1686 delinquentis
1144 1630 1333 1676 andacia,
1368 1634 1407 1671 et
1440 1631 1598 1672 crimen
1638 1633 1862 1684 augeatur:

227 1700 297 1742 sed
333 1714 381 1743 ex
418 1714 560 1743 eornm
605 1703 815 1744 reticentia
863 1713 1123 1758 nequaquam
1171 1702 1442 1742 imminuatur
1486 1704 1699 1754 peccatum
1735 1698 1864 1740 idolo·

229 1771 386 1820 latriae,
416 1772 523 1829 quod
562 1785 633 1827 per
666 1777 782 1815 actus
815 1772 1067 1814 adorationis
1102 1784 1121 1813 a
1158 1770 1395 1814 celebrante
1431 1784 1507 1812 non
1546 1775 1731 1825 promoto
1765 1781 1863 1825 erga

230 1855 374 1898 puram
421 1846 513 1899 pani
549 1849 586 1886 et
625 1845 706 1886 vini
753 1842 1023 1886 substantiam
1070 1841 1290 1891 exhibitos,
1324 1841 1569 1893 admittitur,
1603 1845 1642 1883 et
1676 1842 1713 1882 in
1753 1840 1861 1897 quod

231 1913 406 1969 populus
439 1917 561 1956 etiam
599 1913 732 1957 tidelis
768 1912 1037 1956 materialiter
1069 1912 1212 1955 saltem
1250 1911 1503 1954 inducitur»
1534 1909 1728 1968 (iugo).
1752 1909 1865 1953 Haec

229 1997 378 2041 nempe
407 2000 424 2024 a
451 1987 617 2027 omissio
641 2001 661 2025 n
694 1984 755 2027 vel
784 1984 957 2040 prolatio
984 1989 1092 2026 recta
1121 1983 1182 2026 vel
1214 1981 1584 2025 «substantialiter
1617 1981 1860 2024 deficiens»

231 2057 268 2097 in
304 2068 351 2097 eo
385 2058 452 2112 qui
487 2061 598 2099 caret
633 2055 879 2099 sacerdotali
906 2055 1052 2098 ordine
1076 2056 1268 2097 intactam
1307 2053 1500 2109 relinquit
1534 2051 1864 2101 simulationem;

230 2139 337 2183 quae
371 2132 504 2169 tamen
542 2129 579 2169 in
615 2127 830 2170 sacerdote
863 2126 1101 2169 celebrante
1136 2125 1378 2168 inducerent
1414 2123 1602 2166 eamdem
1638 2122 1867 2165 simulatio-

231 2210 323 2239 nem
360 2211 452 2240 cum
489 2201 738 2254 gravissimo
772 2198 1004 2254 sacrilegio,
1040 2196 1109 2239 sed
1147 2195 1211 2238 hic
1246 2195 1357 2238 nullo
1393 2197 1429 2237 in
1465 2206 1561 2237 casu
1596 2192 1868 2250 sequentibus

233 2268 296 2310 xel
331 2268 422 2311 aliis
455 2272 596 2324 poenis
629 2282 649 2311 a
685 2268 836 2313 Codice
873 2268 1078 2324 plectitur.
1113 2267 1308 2323 Sequitur
1342 2269 1379 2308 in
1414 2265 1491 2308 hoc
1526 2264 1584 2309 n.O
1615 2263 1681 2306 1⁰:
1716 2263 1758 2319 b)
1792 2268 1866 2305 an!

229 2339 577 2381 sacramentalem
613 2338 913 2397 consessionem
949 2338 1129 2381 scilicet:
1174 2350 1222 2380 ex
1269 2337 1504 2379 contitentis
1548 2337 1785 2377 intentione.
1825 2339 1865 2375 ut

230 2410 528 2453 absolutionem
569 2416 831 2466 peecatorum
868 2411 1063 2462 obtineat,
1088 2410 1250 2451 tactam.
1276 2406 1485 2464 eoeeeperil
1509 2408 1632 2449 etiam
1662 2404 1804 2458 semel,
1827 2409 1865 2447 et

229 2484 423 2537 quamvis
462 2481 805 2524 «absolutionem
842 2481 892 2524 ab
928 2480 995 2522 illo
1032 2481 1200 2522 minime
1243 2478 1443 2535 prolatam
1486 2478 1611 2519 fuisse
1644 2479 1801 2519 constet
1825 2491 1865 2528 n,

236 2568 253 2591 (ι
279 2565 371 2594 cum
410 2554 440 2594 is
473 2565 638 2608 quoque
672 2553 986 2594 Sacramentum
1024 2549 1376 2593 reconciliationis
1409 2547 1615 2590 humanae
1652 2545 1867 2589 conculcet

231 2623 339 2679 (eam
375 2622 449 2666 sibi
487 2623 585 2665 t'also
620 2636 807 2665 asserens
851 2624 967 2665 sactis
1013 2620 1250 2664 facultatem
1296 2618 1549 2662 emundandi
1594 2619 1868 2660 conscientias

232 2693 444 2736 hominum
481 2693 531 2736 ab
566 2693 760 2748 ‹tiperibus
796 2694 981 2745 mortuis,
1017 2705 1140 2749 qnam
1176 2693 1331 2734 aeterni
1368 2689 1547 2732 foederis
1579 2690 1762 2745 Sponsor
1794 2686 1866 2729 Dei

232 2763 358 2806 Filius
392 2766 544 2806 nemini
580 2778 636 2813 se,
674 2766 746 2805 nisi
784 2777 854 2819 per
888 2763 1211 2806 ecclesiasticam
1247 2761 1550 2804 ordinationem
1586 2759 1868 2802 communica-

233 2839 369 2877 turum
408 2834 626 2890 promisit),
651 2839 689 2876 et
722 2836 967 2889 sangninem
1002 2832 1266 2881 Testamenti,
1291 2844 1310 2874 a
1337 2844 1417 2888 quo
1455 2832 1585 2872 virtus
1617 2830 1867 2872 sacramenti
