1981 3182
115 104 211 140 Can.
236 86 330 137 2225
407 103 492 137 ΤΙΤ.
511 103 579 137 VI.
601 123 612 128 -
632 104 689 138 De
705 104 871 138 subiecto
889 106 1079 137 coactivae
1091 105 1277 147 potestati
1295 104 1460 137 obnoxio
1698 100 1743 134 65

115 234 297 279 cumque
329 221 544 265 facultates
577 224 615 264 in
652 222 688 263 id
724 224 909 264 muneris
931 221 1080 269 eidem,
1105 224 1227 264 etiam
1255 234 1326 277 per
1349 220 1642 277 quodcumque
1666 220 1744 275 pri-

120 292 332 349 vilegium,
368 291 432 335 vel
467 295 590 335 etiam
615 292 666 335 ab
692 294 776 348 ipsa
800 292 840 335 S.
864 291 969 334 Sede
995 293 1235 347 impertitas.
1274 291 1504 343 Praeterea,
1528 289 1742 333 declarare

117 365 271 419 poteris
303 363 496 405 eumdem
534 376 647 405 reum
683 362 908 406 obnoxium
945 375 1032 404 esse
1057 364 1207 404 ceteris
1231 363 1372 417 poenis
1395 359 1680 416 spiritualibus
1702 361 1742 402 in

115 432 499 485 Constitutiouibus‚
533 438 573 476 et
606 434 848 489 praesertim
885 434 922 474 in
957 431 1212 487 Gregoriana
1246 434 1426 474 sancitis.
1460 430 1547 474 Tibi
1579 428 1743 487 quoque

118 504 176 547 fas
208 505 285 546 erit
319 503 432 546 illum
467 503 721 559 suspendere
755 515 775 545 a
810 504 1061 545 sacrosancti
1097 502 1299 545 Sacriticii
1334 500 1673 544 celebratione».

237 573 350 616 Alios
383 578 520 616 textus
543 586 591 616 ex
628 571 913 616 Decretalibus
938 571 1031 614 licet
1055 571 1293 627 decerpere.
1331 571 1491 613 Primus
1524 573 1573 613 sit
1607 584 1695 626 cap.
1722 570 1738 612 1

120 660 144 684 «
166 644 218 688 de
249 646 452 687 sententia
485 645 971 687 excommunicationis...
996 658 1013 682 κ)
1054 644 1091 684 in
1129 644 1185 691 6⁰,
1222 641 1288 685 ubi
1324 641 1461 684 lnnoc.
1483 640 1531 683 lv
1558 643 1595 683 in
1621 640 1743 685 Cone.

119 715 381 772 Lugdunensi
416 716 650 758 constituit:
689 711 931 770 «Quisquis
966 715 1090 769 igitur
1124 714 1474 767 excommunicat,
1508 725 1745 754 excommu-

118 787 365 829 nicationem
400 787 439 827 in
474 787 638 840 scriptis
672 785 866 840 proferat,
906 789 943 826 et
987 797 1152 826 causam
1199 784 1644 825 excommunicationis
1677 796 1744 824 ex-

118 869 257 913 presse
290 855 538 903 conscribat,
575 860 741 911 propter
773 868 897 912 quam
932 856 1310 897 excommunicatio
1351 854 1583 910 proferatur
1606 868 1644 893 )).
1678 852 1746 895 Se-

116 928 280 971 cundus
313 932 451 971 textus
483 927 608 970 alium
649 927 873 969 admiserat
908 927 1099 970 modum:
1151 938 1320 981 nempe:
1357 937 1445 980 cap.
1483 924 1551 974 48,
1587 926 1644 966 tit.
1680 924 1748 969 39,

119 998 204 1043 Lib.
242 997 284 1042 V.
320 997 369 1051 X,
404 1000 441 1040 in
477 1011 557 1054 quo
590 1000 648 1041 sic
684 997 866 1054 loquitur
902 997 1036 1039 lunoc.
1065 996 1137 1039 lll:
1168 997 1339 1039 «Sacro
1373 994 1630 1051 approbante
1653 1007 1747 1037 con-

116 1069 212 1112 cilio
247 1068 529 1125 probibemus,
553 1082 603 1111 ne
625 1070 716 1124 quis
741 1070 778 1109 in
804 1067 983 1124 aliquem
1010 1067 1455 1109 excominunicationis
1487 1068 1746 1109 sententiam.

119 1142 193 1183 uisi
229 1142 478 1196 competenti
503 1139 785 1182 admonitione
812 1140 1050 1194 praemissa,
1076 1142 1112 1179 et
1140 1139 1324 1193 personis
1351 1135 1637 1192 praesentibus
1666 1135 1750 1177 ido-

120 1213 220 1266 neis,
254 1224 326 1268 per
358 1223 460 1268 quas
484 1210 533 1267 (si
560 1223 727 1253 necesse
754 1208 894 1265 suerit)
931 1211 1053 1264 possit
1082 1207 1245 1264 probari
1273 1209 1456 1253 monitio,
1485 1205 1749 1262 promulgare

121 1286 355 1338 praesumat
380 1297 418 1324 ».

238 1352 321 1396 Nec
352 1352 484 1395 solum
518 1352 569 1395 (le
603 1353 1036 1395 excommunicatione
1063 1353 1099 1392 in
1128 1350 1238 1393 l'out.
1268 1349 1382 1392 Rom.
1408 1354 1464 1392 ost
1490 1351 1689 1405 scriptum
1713 1348 1751 1391 1:

124 1423 299 1467 «Maior
336 1436 432 1465 vero
466 1424 857 1475 excommunit-atio,
893 1435 1015 1479 quam
1055 1422 1236 1464 l'ontit'ex
1275 1434 1346 1476 per
1369 1422 1614 1462 seutentiam
1649 1421 1749 1462 scri·

124 1498 233 1550 ptam
269 1493 443 1549 legendo
479 1492 726 1549 proniulgat,
764 1492 838 1535 lioc
885 1492 1004 1534 modo
1050 1494 1278 1547 protertur:
1318 1495 1395 1533 etc.
1423 1506 1460 1543 n,
1494 1490 1563 1533 sed
1599 1490 1649 1531 ‹le
1683 1503 1747 1532 su-

120 1566 338 1621 spensione
361 1577 526 1621 quoque
551 1566 588 1606 in
613 1564 759 1606 eodem
781 1566 990 1606 invenitur
1016 1562 1240 1605 l'ontiticali
1262 1563 1289 1604 ²:
1322 1578 1340 1602 ((
1360 1561 1635 1617 suspenditur
1659 1562 1750 1617 quis

121 1634 336 1691 (clericus)
369 1635 619 1692 ‹piaudoque
653 1634 703 1677 ab
741 1634 964 1685 homine...
999 1634 1164 1691 quando
1201 1633 1410 1676 l'raelatus
1444 1635 1501 1675 sic
1528 1634 1753 1688 inscriptis

124 1708 378 1762 pronuntiat:
413 1710 492 1748 etc.
516 1721 554 1747 )).
597 1706 655 1748 Ac
699 1706 866 1748 demum
913 1705 963 1747 (le
1009 1707 1281 1759 suspensione
1316 1718 1364 1746 ex
1404 1705 1622 1746 informata
1657 1716 1751 1745 con·

120 1778 304 1822 seientia,
328 1776 437 1834 quod
463 1779 693 1832 scripturae
729 1777 858 1818 forma
884 1776 933 1819 ad
963 1775 1217 1818 validitatem
1247 1789 1324 1817 non
1354 1777 1570 1831 pertineat,
1595 1778 1752 1817 constat

121 1860 171 1890 ex
208 1860 314 1903 resp.
347 1848 384 1891 S.
420 1846 587 1903 Congu-J
620 1846 697 1892 EE.
725 1852 762 1890 et
789 1847 868 1890 Ru.
896 1849 932 1889 in
961 1860 1037 1889 una
1064 1844 1165 1890 Ord.
1199 1846 1341 1888 l'raed.
1368 1846 1381 1867 ³
1409 1844 1475 1888 ubi
1499 1847 1750 1900 interrogata

129 1918 210 1962 «3.
245 1918 305 1960 An
345 1918 479 1961 valeat
519 1921 733 1974 suspensio
777 1923 984 1968 oretenus,
1021 1922 1059 1960 et
1106 1918 1261 1973 alisque
1305 1919 1458 1972 scripto
1502 1915 1754 1958 enunciata?

126 1988 227 2032 Emi.
265 1989 442 2032 Patres...
479 1991 804 2045 rescripserunt:
846 1989 908 2031 Ad
951 1989 987 2032 3.
1030 1988 1291 2031 Allirmative
1339 2000 1432 2029 cum
1484 1988 1639 2029 seratur
1683 1999 1754 2042 per

124 2060 290 2103 modum
327 2062 536 2116 praecepti
574 2060 892 2116 particularis».

776 2233 1010 2270 TITULUS
1045 2232 1109 2269 VI.

406 2321 468 2364 De
501 2322 709 2364 subiecto
737 2323 970 2364 coactivae
1004 2320 1221 2374 potestati
1255 2319 1477 2363 obnoxio.

171 2449 256 2486 Cis.
295 2450 396 2485 2226.
428 2470 443 2476 -
473 2454 491 2492 ξ
524 2451 549 2484 l.
578 2450 711 2485 Poenae
749 2451 903 2485 adnexae
977 2455 1030 2491 got
1057 2448 1239 2489 anteriori,
1260 2449 1285 2481 si
1307 2452 1423 2482 tamen
1444 2447 1623 2489 delictum⁷
1647 2457 1757 2492 quan-

124 2498 187 2543 legi
208 2503 268 2533 aut
288 2503 467 2543 praecepto
492 2497 662 2532 obnoxius
682 2502 731 2533 est
752 2498 808 2543 qui
832 2498 903 2541 lege
976 2499 1018 2530 do
1048 2497 1096 2530 lex
1127 2497 1293 2541 posterior
1321 2495 1388 2529 lata
1414 2500 1476 2533 est,
1505 2496 1570 2529 iarn
1600 2494 1759 2528 commis-

122 2550 181 2580 aut
210 2551 390 2591 praecepto
416 2550 565 2580 tenetur,
589 2545 655 2578 nisi
684 2556 843 2590 expresse
870 2556 901 2579 e·
977 2555 1053 2577 sum
1080 2548 1164 2584 erat,
1191 2542 1403 2588 applicanda
1428 2547 1478 2577 est
1506 2542 1560 2576 lex
1587 2552 1642 2575 reo
1671 2541 1758 2575 favo-

126 2597 362 2682 xirgassur'hcet
379 2639 429 2673 lex
447 2638 602 2684 poenalis
623 2639 789 2684 posterior
807 2638 904 2673 obro-
978 2591 1227 2681 rdlgmllll'Quod
1256 2636 1282 2671 si
1314 2636 1363 2671 lex
1394 2636 1559 2682 posterior
1586 2634 1682 2669 tollat
1711 2634 1755 2669 le-

243 2758 253 2779 ¹
282 2756 384 2790 Ordo
411 2755 776 2790 excommunicandi
804 2762 842 2789 et
870 2755 1114 2788 absoluendi.
1146 2775 1186 2779 —-
1215 2755 1228 2775 ‘2
1255 2753 1357 2788 Ordo
1385 2752 1669 2796 suspensionis
1702 2763 1757 2784 re-

123 2804 502 2860 conciliationinssr—
529 2804 543 2825 3
568 2806 589 2836 2
616 2803 751 2837 Martii
782 2804 882 2836 1866.
913 2803 1161 2836 Colles-tanea
1189 2802 1224 2835 S.
1252 2802 1396 2845 Congr.
1420 2801 1496 2834 EE.
1516 2806 1555 2834 et
1571 2800 1654 2833 ΗΚ.
1672 2799 1757 2831 Biz-

124 2863 239 2894 zarrl,
267 2863 354 2896 pag.
392 2861 465 2886 (oo.

0 2914 44 3182 ιι
211 2930 305 2957 ΒιΑτ
329 2945 347 2950 -
373 2930 496 2958 Corum.
527 2929 611 2957 Ten.
638 2928 714 2957 Cod.
740 2928 812 2955 [nr.
838 2928 920 2955 (lma.
1658 2923 1675 2950 5
