1981 3182
281 5 286 10 ,
299 0 518 14 ‚v—--==v=--=‚·-v,.t-⁷v
532 0 545 13 -1
557 0 563 4 ·
573 0 585 5 ··
598 0 618 12 .,-
674 7 677 10 ⁴

164 149 257 184 Can.
285 147 378 181 2338
495 148 578 181 ΤΙΤ.
607 148 718 181 XIII.
750 168 760 172 —
788 149 844 182 De
869 149 1019 183 delictis·
1045 152 1181 183 contra
1207 152 1458 185 auctoritates
1720 152 1790 186 227

284 268 378 310 179.
416 268 606 313 Delicta
650 271 874 323 respectu
918 269 982 312 ad
1026 282 1215 323 poenas
1258 270 1456 316 infictas
1499 271 1586 313 iure
1632 270 1692 313 vel
1737 270 1789 314 ab

161 338 328 381 homine
362 342 526 382 coercet
559 337 669 380 solus
702 351 792 381 ean.
826 338 964 387 2338,
1000 339 1037 379 in
1073 350 1153 394 quo
1197 341 1432 383 adunantur
1475 354 1675 384 censurae
1718 354 1789 397 per

161 408 297 452 Const.
335 408 390 450 Pii
426 406 479 450 lx
503 423 523 448 ((
546 407 809 463 Apostolicae
842 407 1003 450 Sedis»
1028 408 1039 428 ¹
1069 410 1266 464 vigentes,
1303 409 1470 467 Absque
1504 413 1789 454 immutatione

163 480 376 531 retinetur,
411 491 532 535 (piam
571 478 694 520 refert
726 479 752 534 Β·
786 480 820 521 1.
857 476 1077 520 Absolz’ere
1109 479 1149 533 a)
1182 479 1232 521 ‹le
1272 480 1388 533 facto,
1423 483 1616 537 quamvis
1659 482 1785 524 inetli-

162 551 330 602 caciter,
353 550 442 591 sive
468 550 504 590 in
530 548 616 590 foro
650 552 833 592 externo.
859 549 948 590 sive
983 551 1018 589 in
1056 549 1142 590 t'oro
1178 551 1349 599 interno,
1376 552 1456 593 imo
1489 556 1529 594 et
1558 564 1789 594 sacramen-

162 618 247 672 tali,
277 623 608 675 praesumentes,
642 618 749 673 quod
789 617 960 660 verbum
1002 617 1206 673 «plenam
1243 620 1518 675 cognitionem
1554 635 1601 664 ac
1634 621 1788 665 delibe-

161 692 359 732 rationem
396 691 537 744 exigit,
576 688 682 730 unde
716 687 925 744 quaelibet
974 688 1303 744 imputabilitatis
1351 693 1582 735 imminutio
1616 694 1703 735 sive
1737 707 1785 736 ex

162 766 275 817 parte
321 760 551 802 intellectus
594 761 682 801 sive
727 772 773 801 ex
822 764 936 815 parte
983 759 1204 802 voluntatis
1237 763 1423 803 eximit»
1462 762 1512 805 ab
1547 763 1622 806 bac
1658 776 1785 819 poena

159 831 268 887 (can.
305 830 430 881 2229,
464 830 492 888 ξ
526 830 582 884 2),
617 834 783 872 econtra
824 831 1098 885 «ignorantia
1134 831 1320 874 atl'ectata
1366 834 1454 875 sive
1499 833 1599 889 legis
1641 834 1784 888 (idestz

161 903 454 944 reservationis
477 901 527 943 ‹lc
551 912 629 957 qua
657 902 692 942 in
721 899 796 941 boc
831 913 988 942 canone
1022 902 1174 957 agitur)
1208 904 1297 944 sive
1331 903 1456 945 solius
1492 916 1646 959 poenae
1664 905 1784 960 (int'ra
1847 912 1850 915 ’

157 971 353 1028 statutae)
388 985 465 1013 non
501 976 672 1013 excusat
706 970 756 1013 ab
791 971 933 1013 eadem
972 985 1146 1027 poena»
1175 972 1284 1027 (can.
1322 974 1447 1027 2229,
1480 977 1504 1027 ξ
1541 974 1596 1031 1),
1622 974 1662 1031 b)
1696 976 1786 1018 sine

156 1042 295 1085 debita
329 1041 549 1098 facultate,
576 1054 746 1097 nempe:
786 1041 846 1083 rel
873 1054 892 1084 a
921 1044 1007 1085 iure
1026 1049 1128 1085 can⁵.
1152 1043 1233 1085 882
1259 1060 1279 1083 «
1305 1047 1340 1085 in
1379 1045 1560 1100 periculo
1596 1048 1736 1089 mortis
1761 1063 1778 1086 »

159 1119 195 1156 et
231 1119 334 1156 cans.
372 1112 478 1155 2254
523 1128 543 1152 α
569 1114 605 1154 in
641 1111 804 1155 casibus
830 1113 1198 1168 urgentioribus»,
1237 1115 1298 1157 vel
1334 1115 1384 1158 ab
1419 1115 1584 1159 bomine
1617 1121 1656 1159 et
1690 1122 1783 1160 tunc

161 1200 182 1225 α
204 1186 293 1227 sive
325 1183 509 1239 speciali,
544 1185 632 1226 sive
665 1183 1007 1238 specialissima»
1047 1184 1095 1227 ad
1133 1198 1318 1228 normam
1365 1200 1454 1230 can.
1492 1187 1617 1239 2253,
1654 1188 1711 1240 30,
1746 1193 1785 1231 ot

155 1267 259 1312 quae
292 1257 341 1297 sit
379 1256 579 1310 posterior
611 1254 705 1296 (lata
739 1260 883 1297 const*
915 1257 983 1297 cit.
1020 1255 1073 1297 l'ii
1110 1254 1175 1310 lx,
1201 1259 1296 1312 quia
1330 1260 1545 1300 revocavit
1573 1261 1784 1315 «insuper

153 1325 395 1368 earumdem
431 1337 700 1368 censurarum
739 1330 925 1381 respectu
963 1339 1251 1382 ‹piaecumque
1288 1328 1440 1370 indulta
1480 1342 1673 1372 concessa
1707 1330 1783 1374 sub

153 1398 302 1452 quavis
332 1398 460 1437 torma
485 1401 521 1438 et
547 1395 765 1452 quibusvis
800 1399 984 1451 personis
1018 1399 1140 1439 etiam
1175 1397 1451 1453 Regularibus
1483 1402 1782 1457 cuiuscumque

154 1464 338 1521 Ordinis,
371 1470 449 1510 etc.
483 1469 605 1509 etiam
641 1465 808 1522 speciali
847 1469 1053 1509 mentione
1087 1468 1223 1522 dignis
1257 1472 1295 1511 et.
1330 1470 1366 1510 in
1401 1471 1549 1525 quavis
1582 1470 1781 1526 dignitate

154 1539 449 1580 constitutis».
482 1537 698 1580 Absolutio
735 1550 876 1579 veroa
903 1527 1171 1594 delinquente
1204 1541 1253 1581 sit
1288 1541 1379 1582 data
1411 1542 1446 1594 (·)
1470 1540 1518 1582 ab
1551 1554 1781 1583 eoeeommu-

152 1607 365 1650 mentione
397 1610 579 1651 taxatix'e
614 1607 729 1650 latae
760 1608 1007 1658 sententiae,
1047 1622 1123 1651 non
1158 1612 1189 1651 si
1225 1616 1372 1665 agatur
1409 1611 1459 1653 de
1497 1615 1780 1655 excommuni-

151 1680 313 1721 catione
337 1677 388 1721 ab
413 1678 592 1731 bomine,
617 1678 922 1735 specialissimo
949 1679 1009 1721 rel
1031 1680 1208 1736 speciali
1234 1680 1365 1731 modo,
1386 1695 1532 1738 nempe
1557 1682 1618 1725 his
1645 1683 1781 1726 verbis

153 1747 252 1791 Secti
284 1748 551 1805 Apostolieae
585 1755 815 1795 reservata,
842 1751 923 1792 imo
948 1755 1000 1803 et,
1023 1752 1054 1792 si
1080 1752 1410 1798 «confessarius.
1437 1755 1631 1808 ignorans
1655 1767 1783 1796 reser-

156 1821 375 1865 vationem,
402 1821 678 1875 poenitentem
705 1832 725 1862 a
751 1833 924 1863 censura
949 1833 997 1864 ac
1023 1826 1190 1876 peccato
1224 1822 1426 1877 absolvat,
1450 1822 1652 1866 absolutio
1685 1838 1780 1867 cen-

148 1902 271 1933 surae
308 1889 428 1943 valet,
462 1890 689 1933 dummodo
725 1904 773 1933 ne
807 1893 857 1933 sit
889 1904 1106 1934 censura...
1132 1893 1430 1947 specialissimo
1466 1894 1627 1937 inodo...
1655 1907 1780 1937 rescr—

153 1965 243 2002 vata
268 1976 307 2002 )).
345 1987 395 1991 —-
431 1962 595 2004 Sanctio
647 1975 744 2004 xero
793 1965 934 2004 contra
986 1963 1188 2018 praefatos
1237 1963 1523 2020 delinquentes
1562 1969 1633 2009 est.
1668 1965 1778 2021 quod

149 2030 373 2073 incurrunt
406 2031 495 2088 ipso
527 2032 642 2089 sueto
676 2031 945 2075 absolutionis
987 2045 1109 2089 supra
1155 2033 1391 2076 declaratae
1425 2034 1468 2076 in
1501 2036 1780 2078 eoeeoimnmzt'-

147 2101 351 2144 eatz'onem
378 2101 476 2145 Sesti
498 2102 765 2160 Apostolieae
799 2106 965 2160 pariter,
999 2105 1068 2147 sed
1106 2105 1226 2161 paulo
1262 2108 1410 2159 minus,
1432 2106 1587 2148 scilicet
1622 2106 1780 2164 simpli-

147 2171 253 2213 citer
284 2178 556 2217 reservatum.

266 2244 371 2286 Ante
395 2242 587 2287 Codiccin
629 2243 791 2300 vigebat
826 2259 1004 2302 sequens
1040 2248 1284 2302 rescriptum
1321 2246 1514 2302 generale
1533 2248 1570 2290 S.
1591 2248 1633 2290 C.
1653 2248 1691 2291 S.
1711 2245 1777 2291 Oi·-

146 2312 228 2355 ticii
248 2312 276 2353 ².
317 2329 335 2354 (<
363 2313 403 2355 ln
429 2314 564 2357 Consi.
589 2328 620 2357 s.
642 2327 693 2357 [n.
723 2315 776 2357 Pii
806 2315 852 2358 tx
880 2330 986 2374 quae
1022 2319 1161 2372 incipit
1181 2317 1448 2373 Apostolicae
1467 2317 1596 2368 Sedis,
1616 2331 1779 2361 excom-

147 2386 427 2428 municatione
446 2384 562 2428 Rom.
591 2385 985 2443 l'ont.³si111plicite1·
1021 2392 1228 2430 reserx‘ata
1265 2388 1515 2430 innodantur
1549 2390 1572 2407 ⁴⁸
1596 2402 1779 2431 commu-

144 2455 329 2497 nicantes
351 2468 444 2498 cum
470 2459 833 2500 excommunicato
854 2460 1094 2501 nominatim
1116 2470 1136 2500 a
1160 2458 1263 2514 l'apa
1285 2460 1323 2500 in
1344 2460 1519 2502 crimine
1538 2461 1774 2513 criminoso,

142 2526 178 2566 ei
204 2524 363 2568 scilicet
387 2526 664 2582 impendendo
689 2528 889 2571 auxilium
919 2528 980 2571 vel
1017 2530 1201 2571 savorem
1230 2563 1268 2583 ,,.
1302 2527 1527 2581 Quaeritur
1552 2534 1687 2572 utrum
1714 2529 1776 2572 liis

149 2594 286 2638 verbis
319 2596 727 2652 comprehendantur
760 2600 883 2642 etiam
909 2601 1258 2642 excommunicati
1284 2612 1303 2642 a
1330 2599 1524 2643 Romanis
1547 2600 1779 2656 Congrega—

145 2665 342 2720 tionibus,
376 2666 518 2710 saltem
564 2668 729 2725 quando
771 2682 914 2712 eorum
958 2669 1137 2712 decretis
1180 2670 1338 2713 accedit
1382 2670 1623 2726 approbatio
1657 2670 1774 2715 Rom.

147 2734 369 2780 Pontiticis.
393 2763 447 2768 —
473 2738 516 2781 R.
551 2738 753 2795 Negative
780 2755 816 2784 ὴ.
854 2740 945 2783 Post
979 2741 1172 2783 Codicem
1208 2741 1597 2784 animadvertantur
1634 2741 1774 2795 verba,

258 2891 269 2911 ¹
298 2891 340 2923 12
368 2889 453 2925 Oct.
486 2890 587 2925 1869.
604 2911 644 2917 —
660 2891 673 2913 2
702 2892 743 2925 16
769 2891 857 2925 lun.
889 2892 990 2927 1897.
1019 2892 1267 2927 collectanea
1294 2894 1331 2928 S.
1356 2895 1394 2928 (ἶ.
1415 2894 1459 2928 de
1480 2895 1520 2929 P.
1540 2895 1582 2928 F.
1604 2906 1641 2930 n.
1663 2894 1768 2927 1972.
