1981 3182
181 125 253 158 200
568 123 648 156 Liss.
672 122 715 155 V.
739 143 748 146 -
770 123 878 156 PARS
896 122 968 157 III.
986 143 998 147 —
1019 123 1075 157 De
1087 126 1224 167 poenis
1244 125 1286 156 in
1303 123 1442 156 delicta
1599 121 1688 157 Can.
1716 122 1812 157 2314

184 242 416 286 baereticae
450 246 522 285 aut
553 241 856 292 schismaticae,
880 240 918 297 a)
940 254 1087 284 ponzen
1110 240 1302 283 dederint
1325 240 1365 294 b)
1389 240 1452 283 vel
1483 241 1615 284 solum
1646 239 1811 298 publice

181 313 362 357 scilicet:
404 311 598 355 «talibus
638 314 675 354 in
720 311 969 355 adiunctis»
1008 310 1281 354 ‹ulliaeserint
1313 310 1482 354 cuilibet
1523 324 1571 354 ex
1616 312 1809 367 praelatis

182 386 318 437 sectis,
359 398 378 424 ((
405 387 445 426 ut
480 382 706 439 prudenter
754 383 926 425 iudicari
979 385 1103 438 possit
1136 387 1175 425 et
1208 381 1357 425 debeat
1391 381 1509 425 facile
1547 382 1807 438 divulgatum

185 457 230 496 iri
266 454 375 511 (can.
412 454 540 505 2197,
578 453 639 509 10)
673 452 752 495 tale
786 453 998 507 delictum,
1034 452 1097 496 vel
1143 455 1222 495 iam
1266 451 1527 509 divulgatum
1562 454 1611 495 sit
1635 468 1673 507 )›,
1708 452 1807 495 alte-

184 530 296 568 rutro
342 527 379 567 in
424 537 520 567 casu
570 526 659 567 sive
696 523 748 567 ab
787 526 1018 580 inceptione
1067 523 1206 567 delicti
1256 523 1431 566 alicuius
1478 525 1593 566 initio
1641 526 1810 567 canonis

182 597 381 652 expressi,
416 597 505 638 six-e
548 595 727 638 decursu
770 597 968 651 temporis
1004 600 1092 651 post
1126 594 1252 647 illam,
1286 594 1376 652 ipso
1409 592 1522 651 sacto
1557 596 1594 636 in
1629 594 1706 637 hoc
1741 608 1811 637 nu-

184 680 296 709 mero
329 665 538 709 declarato
573 663 754 723 infames
781 671 876 707 sum
911 679 1003 708 cum
1044 664 1259 708 eflectibus
1300 676 1423 720 supra
1468 666 1615 718 citatis,
1649 666 1809 707 etiamsi

182 739 381 779 sententia
417 736 755 779 condemnatoria
791 735 973 778 nondum
1008 738 1363 792 pi·aecessei·it,et,
1397 734 1515 790 firmo
1542 735 1810 792 praescripto

182 821 272 849 ean.
299 809 399 857 188,
432 821 472 851 η.
497 809 536 861 4,
565 819 736 862 nempe:
775 805 1029 862 «quaelibet
1060 806 1192 849 ollicia
1232 810 1379 849 vacant
1413 807 1499 860 ipso
1534 806 1638 847 t'acto
1662 809 1701 848 et
1723 807 1810 853 sine

183 877 264 920 ulla
299 877 375 920 alia
412 877 707 930 declaratione,
738 880 769 919 si
806 876 1026 920 clericus...
1059 889 1080 919 a
1115 877 1195 919 tide
1229 876 1430 919 catholica
1482 875 1645 932 publice
1693 876 1807 919 defe-

182 951 285 992 cerit
308 965 328 990 ))
357 948 534 1000 (facilius
559 948 595 991 id
622 953 871 991 eventurum
907 949 945 990 in
982 947 1145 991 casibus
1168 947 1243 991 sub
1267 946 1326 990 n.⁰
1351 947 1423 1002 30),
1443 946 1602 999 cleriei,
1621 951 1662 990 ut
1685 960 1808 1002 supra

183 1022 220 1062 in
256 1020 314 1062 n.0
340 1020 396 1075 ⁴20,
422 1019 651 1062 monitione
683 1019 733 1061 ad
766 1023 1007 1075 sequentem
1044 1032 1234 1074 poenam,
1267 1025 1305 1062 et
1340 1021 1510 1061 monitio
1544 1018 1645 1061 haec
1680 1023 1811 1074 potest

181 1104 270 1134 esse
303 1090 553 1147 quandoque
588 1092 735 1147 prima7
769 1092 801 1132 si
838 1103 987 1144 nempe
1020 1092 1078 1133 sic
1112 1089 1333 1146 deliquerit
1365 1094 1587 1147 antequam
1623 1101 1809 1146 praeces-

180 1164 281 1205 serIt
313 1163 483 1204 monitio
516 1160 592 1205 sub
627 1161 686 1204 n.⁰
723 1160 778 1215 20,
813 1161 1063 1217 quandoque
1094 1161 1292 1213 secunda,
1316 1163 1346 1203 si
1383 1161 1564 1203 nondum
1600 1160 1649 1203 ad
1683 1159 1808 1216 depo-

180 1235 370 1275 sitionem
406 1234 527 1274 luerit
563 1245 814 1288 processum,
849 1231 946 1274 dum
981 1231 1204 1288 deliquerit
1239 1235 1277 1273 ut
1313 1233 1350 1273 in
1386 1230 1444 1273 n.⁰
1479 1230 1537 1287 30,
1562 1230 1811 1288 quandoque

181 1305 317 1358 tertia,
349 1305 382 1346 si
417 1308 456 1346 et
489 1303 691 1359 depositio
727 1305 805 1345 iam
842 1304 995 1346 inflicta
1028 1304 1062 1345 ei
1097 1303 1245 1354 fuerat,
1279 1308 1375 1345 tunc
1418 1305 1526 1345 enim
1571 1301 1707 1345 adbuc
1740 1302 1810 1344 de-

183 1374 415 1431 linquentes
454 1389 473 1414 «
497 1373 637 1417 clerici
662 1389 684 1413 »
724 1380 765 1416 ut
799 1373 1054 1416 declaratum
1089 1378 1149 1416 est
1183 1375 1220 1415 in
1258 1372 1333 1416 boc
1367 1373 1437 1424 n.0‚
1471 1386 1518 1416 ac
1553 1375 1720 1429 insuper
1754 1373 1812 1414 τή-

181 1458 345 1487 eassum
375 1444 612 1502 praemissa
637 1444 844 1487 declarata
870 1460 891 1484 «
917 1446 1140 1487 monitione
1166 1460 1203 1495 )),ι
1223 1442 1522 1501 (leyrrademnry
1541 1456 1647 1500 quae
1681 1458 1809 1500 poena

186 1532 207 1556 «
232 1518 269 1558 in
294 1528 337 1558 se
360 1517 542 1559 continet
566 1515 880 1571 depositionem,
903 1519 1141 1571 perpetuam
1179 1517 1452 1570 privationem
1489 1514 1652 1558 habitus
1685 1515 1813 1559 eccle-

181 1588 335 1629 siastici
370 1591 409 1629 et
443 1586 727 1629 reductionem
762 1585 902 1629 clerici
937 1585 986 1628 ad
1021 1590 1170 1628 statum
1207 1585 1439 1628 laicalem»
1478 1585 1586 1642 (can.
1621 1585 1766 1643 2305).

299 1656 415 1711 Quae
453 1655 746 1699 «declaranda
793 1656 1042 1698 mandarunt
1084 1655 1172 1698 Emi
1216 1668 1263 1698 ac
1306 1655 1425 1699 Rdiiii
1463 1655 1535 1698 Dni
1571 1655 1810 1700 Cardinales

181 1726 449 1785 inquisitores
468 1743 508 1780 n,
531 1729 636 1771 sicut
670 1728 821 1770 sactum
859 1729 933 1769 l‘uit
957 1740 1029 1782 per
1050 1726 1145 1770 Dec.
1165 1727 1201 1769 S.
1223 1726 1389 1783 (longi-‚³
1407 1726 1443 1769 S.
1464 1724 1599 1770 Officii
1622 1728 1648 1773 1,
1669 1733 1809 1770 exten-

180 1811 308 1855 saque
341 1799 391 1842 ad
426 1798 605 1842 schisma
642 1797 695 1842 ibi
732 1812 809 1840 non
845 1811 1102 1853 expressum,
1136 1800 1399 1841 continentur
1431 1797 1507 1841 sub
1529 1798 1556 1856 ξ,
1578 1800 1619 1841 2.
1645 1797 1694 1841 Et
1728 1802 1809 1855 pri-

182 1882 295 1912 mum
330 1869 380 1912 de
414 1868 667 1912 absolvenda
714 1871 1166 1911 excomnuinicatiQne:
1200 1867 1414 1911 Abs-olatio
1454 1868 1695 1924 «legitima,
1730 1882 1809 1926 qua

181 1943 338 1982 tantum
374 1938 573 1982 tollitur»
603 1939 710 1996 (can.
739 1939 866 1988 2248,
890 1938 918 1995 ἓ
939 1938 994 1995 1),
1027 1938 1076 1980 ab
1109 1938 1538 1981 eoeronmium'eatione
1568 1939 1735 1983 definita
1771 1942 1808 1982 in

181 2024 273 2054 can.
308 2011 437 2065 2257,
469 2011 496 2069 ξ
536 2011 570 2062 l,
604 2010 654 2053 de
687 2024 767 2068 qua
802 2010 843 2052 in
880 2012 922 2063 {⁰
958 2013 1013 2054 Γ,
1043 2010 1222 2053 scilicet:
1258 2022 1379 2067 quam
1418 2012 1453 2051 in
1490 2009 1611 2053 buius
1644 2013 1812 2054 canonis

183 2083 297 2124 initio
331 2082 529 2125 declarati
559 2098 580 2122 «
605 2084 821 2125 incurrunt
856 2084 941 2138 ipso
977 2083 1080 2124 sacto
1104 2096 1141 2131 n,
1167 2081 1206 2123 in
1232 2080 1325 2137 soro
1356 2080 1648 2137 conscientiae,
1679 2097 1698 2122 «
1722 2084 1811 2125 sive

182 2152 487 2204 sacramentali,
505 2155 594 2195 sive
619 2152 1048 2195 extra-sacramentali
1073 2167 1094 2192 ›>
1119 2151 1226 2209 (can.
1252 2152 1349 2208 19⁴3)
1371 2151 1648 2209 impertienda
1673 2168 1691 2192 <t
1715 2166 1807 2196 cum

184 2226 361 2280 primum
387 2223 633 2280 delinquens
657 2236 677 2266 a
702 2226 962 2267 contumacia
985 2224 1236 2266 recesserit»
1261 2222 1369 2279 (can.
1396 2223 1522 2271 2248,
1545 2223 1573 2281 ξ
1598 2224 1655 2279 ἓ),
1682 2224 1808 2267 idest:

187 2311 207 2335 «
226 2308 320 2338 cum
341 2308 456 2337 reum
480 2307 577 2337 vere
597 2294 736 2337 delicti
756 2296 965 2337 commissi
992 2296 1239 2350 poenituerit
1264 2298 1303 2335 et
1325 2293 1445 2336 simul
1473 2296 1557 2350 ipse
1583 2307 1808 2350 congruam

181 2366 500 2408 satisfactionem
539 2378 610 2421 pro
635 2365 797 2408 damnis
821 2370 860 2407 et
882 2364 1076 2407 scandalo
1110 2363 1269 2406 dederit
1304 2369 1371 2407 aut
1405 2364 1548 2407 saltem
1583 2367 1690 2407 serio
1725 2378 1811 2421 pro-

185 2438 385 2479 miserit»
426 2436 534 2493 (can.
572 2436 698 2489 9242,
732 2435 760 2493 ξ
794 2435 850 2491 3),
887 2441 943 2478 est
978 2448 1054 2477 non
1091 2434 1210 2477 aliter
1242 2447 1289 2477 ac
1325 2437 1362 2477 iu
1397 2437 1463 2478 cit.
1492 2439 1620 2478 const.
1660 2450 1680 2476 <c
1703 2435 1811 2492 Apo-

182 2506 351 2550 stolicae
399 2506 560 2550 Sedis»
598 2506 776 2563 speciali
824 2505 942 2548 modo
988 2504 1086 2548 Secti
1128 2504 1394 2562 Apostolieae
1440 2511 1671 2558 reservata,
1712 2519 1810 2562 ergo

188 2594 206 2617 «
235 2577 332 2620 baec
377 2577 501 2620 aliive
536 2579 603 2634 qui
639 2576 880 2620 absolvendi
931 2580 1170 2632 potestatem
1208 2575 1258 2618 ab
1292 2588 1339 2619 ea
1374 2578 1688 2632 impetraverint
1720 2590 1810 2632 spe-

183 2648 329 2691 cialem
356 2663 376 2689 »
400 2647 509 2704 (can.
531 2647 657 2696 2253,
678 2647 756 2703 3⁰),
776 2647 885 2689 illam
911 2660 1128 2690 censuram
1155 2646 1373 2689 absolvere
1398 2652 1601 2702 poterunt.
1623 2672 1674 2677 —
1694 2646 1811 2690 Nunc

185 2732 284 2762 vero
319 2721 618 2775 praescriptum
656 2723 715 2761 est
749 2721 786 2760 in
822 2731 911 2781 can.
939 2717 1074 2759 022151:
1106 2733 1124 2756 «
1149 2718 1188 2760 si
1222 2715 1425 2761 absolutio
1458 2730 1658 2761 censurae
1692 2718 1812 2761 detur

302 2873 313 2893 1
344 2872 385 2905 19
413 2871 524 2905 Febr.
556 2872 659 2911 1916,
689 2870 764 2904 CO.
795 2870 903 2911 VIII,
931 2870 987 2903 61.
