1981 3182
198 132 264 166 114
659 132 744 165 L1B.
774 132 819 165 V.
848 152 861 157 -
890 132 998 166 PARS
1023 132 1074 167 II.
1104 153 1117 157 -
1143 133 1200 167 De
1220 136 1358 177 poenis
1610 133 1704 169 ean.
1730 134 1828 169 2253

195 251 372 294 excidat.
413 250 550 294 «Loci
589 264 686 294 vero
720 248 1013 295 Ordinarius»
1052 251 1129 295 1133
1174 254 1211 294 13
1256 265 1430 295 numero
1474 252 1517 295 30
1551 256 1721 296 canonis
1761 267 1823 297 se-

193 322 376 365 cundum
413 322 666 378 praecedens
710 324 772 364 ius
816 322 1109 378 intelligendus
1149 328 1209 366 est
1251 336 1417 380 quoque
1459 326 1560 366 ritus
1598 323 1824 368 orientalis.

194 391 355 434 Etenim
406 392 456 435 ad
506 394 740 449 quaesitum
791 391 874 434 «3.
908 392 970 435 An
1005 392 1052 436 R.
1089 393 1128 437 l'.
1164 392 1208 435 D.
1247 393 1483 436 Pati-iarcba
1527 393 1825 437 Maronitarum

196 464 319 518 possit
353 461 573 505 absolvere
607 475 628 504 a
663 465 849 505 censuris
872 462 1045 519 aliisque
1072 465 1214 519 poenis
1236 463 1531 507 ecclesiasticis
1553 464 1710 508 alienos
1733 464 1826 508 sub—

194 532 312 586 ditos,
349 535 479 575 invito
512 538 581 576 aut
617 533 847 576 inconsulto
883 536 1048 590 proprio
1082 533 1317 590 Episcopo?
1350 534 1387 577 S.
1422 533 1572 590 Congr.
1605 535 1655 578 (13
1706 535 1824 592 Prop.

199 603 379 648 Fide...¹
418 603 461 646 R.
496 603 545 646 ad
583 604 619 646 3.
656 603 800 658 Quoad
838 617 1035 647 censuras
1061 604 1163 647 latas
1205 617 1226 648 a
1273 607 1374 659 iure,
1410 605 1694 656 Affirmative3
1745 618 1829 662 quo

197 686 294 716 vero
327 674 376 716 ad
412 686 609 716 censuras
645 673 745 717 latas
778 687 849 717 seu
882 675 1113 718 declaratas
1146 675 1197 718 ab
1223 674 1411 718 bomine:
1447 675 1488 718 ln
1528 676 1660 732 gradu
1684 675 1824 732 appel-

194 742 370 798 lationis,
404 747 582 787 servatis
614 745 834 788 servandis
856 760 895 789 )).
933 745 1201 802 Prosequitur
1244 759 1374 789 canon
1424 747 1462 788 in
1511 748 1827 789 enumeratione

195 814 458 869 particulari:
496 814 538 871 b)
572 829 595 857 (ι
635 828 899 858 «censura»
939 821 1154 858 reservata
1188 830 1383 872 expresse
1418 815 1516 859 Sedz'
1558 816 1827 874 Apostolicae

194 885 487 941 intelligendae
520 886 569 928 ad
607 899 795 929 normam
831 899 920 930 can.
956 887 995 940 7,
1021 902 1041 927 <c
1064 886 1283 930 absolvere
1310 892 1439 943 potest
1464 903 1483 928 ))
1514 886 1626 941 haee,
1651 887 1825 932 scilicet:

198 970 218 996 «
243 969 320 998 non
355 956 486 999 solum
522 956 732 1000 Romanus
767 957 1017 1009 Pontifex»,
1055 973 1075 997 «
1100 962 1185 1000 1313
1221 972 1363 1001 omnes
1396 964 1433 1001 et
1467 959 1651 1015 singulas
1691 959 1822 1002 eccle-

192 1028 287 1078 sias,
322 1031 405 1069 tum
441 1041 585 1070 omnes
618 1033 655 1070 et
690 1028 875 1084 singulos
911 1034 1095 1084 pastores
1128 1033 1167 1071 et
1207 1029 1350 1072 fideles
1374 1045 1393 1070 ))
1434 1029 1541 1086 (can.
1579 1029 1674 1082 218,
1710 1032 1735 1084 ἓ
1769 1029 1826 1085 Ξ),

191 1099 261 1139 sed
282 1100 408 1140 etiam
428 1099 540 1140 iuxta
564 1097 827 1154 singulorum
851 1102 1174 1155 competentiam
1208 1099 1560 1156 Congregationes
1593 1101 1631 1144 S.
1670 1097 1824 1153 Officii,

189 1168 492 1211 Consistorialis
524 1167 800 1225 Congregatio
833 1166 1080 1214 Ordinarios
1114 1169 1506 1225 locorum‚Concilii
1541 1171 1716 1214 clericos
1739 1184 1824 1214 sae·

192 1238 368 1292 culares,
402 1241 526 1282 etiam
563 1239 764 1295 parochos
797 1244 835 1282 et
869 1242 1104 1293 canonicos,
1140 1254 1187 1284 ac
1220 1240 1406 1297 singulos
1430 1241 1569 1295 laicos,
1593 1255 1824 1298 eorumque

188 1312 493 1363 associationes7
514 1310 584 1353 sed
613 1310 687 1353 1133
711 1310 818 1353 (1333
842 1309 1008 1366 Congius
1031 1324 1124 1354 cum
1152 1314 1410 1355 restrictione
1434 1311 1620 1355 locorum
1646 1325 1718 1368 per
1743 1317 1827 1356 tres

190 1380 489 1437 subsequentes
507 1379 872 1437 Congregationes,
887 1397 909 1438 (1
919 1394 993 1425 uae
1010 1387 1122 1425 sunt:
1144 1382 1348 1437 religiosis
1365 1382 1577 1426 sodalibus
1592 1385 1824 1439 praeposita

191 1451 324 1508 quoad
345 1452 532 1495 subditos
552 1454 692 1507 ipsius,
711 1452 790 1495 alia
814 1453 864 1495 de
887 1453 1155 1509 Propaganda
1170 1445 1318 1496 Fidein
1334 1455 1421 1496 eius
1436 1456 1752 1510 circumscripta
1766 1467 1825 1497 re-

191 1521 396 1577 gionibus‚
415 1535 461 1565 ac
496 1525 533 1564 in
556 1522 770 1578 religiosos
788 1526 911 1566 etiam
932 1536 1012 1581 (1113
1035 1525 1330 1575 3115513331135,
1350 1537 1397 1567 33
1418 1524 1597 1581 (lenique
1615 1525 1653 1568 S.
1673 1524 1825 1581 Congr.

195 1607 265 1648 pro
291 1593 471 1636 Ecclesia
491 1593 680 1647 orientali
706 1607 804 1650 ergo
823 1593 1028 1651 quoslibet
1053 1595 1238 1638 eiusdem
1264 1595 1451 1638 subditos
1474 1600 1513 1638 31
1537 1595 1639 1639 1333.
1660 1595 1824 1639 Etenim

189 1664 240 1707 ab
274 1663 336 1707 his
369 1663 770 1720 Congregationibus
793 1681 811 1705 (ι
837 1665 1040 1708 absolutio
1059 1679 1261 1709 censurae
1284 1666 1406 1709 datur
1429 1668 1467 1709 in
1495 1667 1582 1709 foro
1605 1672 1820 1710 externo»

188 1738 295 1787 (can.
330 1734 476 1790 2251),
512 1749 583 1791 pro
619 1736 705 1777 foro
740 1741 879 1778 autem
915 1739 1075 1779 interno
1112 1741 1269 1779 tantum
1303 1739 1392 1779 sive
1415 1737 1706 1780 sacramentali
1732 1739 1824 1780 5113

191 1806 620 1849 extra-sacramentali
656 1806 729 1849 1135
782 1806 1002 1863 «largitur
1045 1807 1325 1851 absolutiones
1368 1808 1406 1850 S.
1453 1808 1771 1852 Poenitentiaria
1797 1824 1819 1849 )>

189 1880 294 1928 (can.
331 1876 413 1918 ‘2258
447 1878 471 1929 ἐ
510 1876 562 1931 l).
600 1876 767 1919 Praeter
799 1877 946 1920 sedem
982 1877 1265 1933 Apostolicam
1301 1878 1423 1921 modo
1457 1878 1682 1931 declarato,
1708 1878 1825 1921 addit

190 1960 344 1990 canon:
380 1946 508 1989 aliive
542 1952 709 2003 possunt
744 1948 815 2005 qui
848 1947 1090 1991 absolvendi
1122 1961 1143 1991 a
1177 1951 1365 1991 censuris
1395 1954 1647 2006 potestatem
1686 1948 1735 1991 ab
1773 1962 1824 1991 ea

186 2017 357 2066 scilicet,
391 2017 496 2060 Sede
531 2018 781 2074 Apostolica,
818 2024 857 2061 31
888 2023 1023 2061 manet
1046 2019 1252 2073 distincta,
1279 2019 1612 2077 impetraverint,
1629 2019 1700 2062 sed
1725 2032 1820 2063 cum

191 2090 342 2130 tenoris
375 2088 635 2131 diversitate:
671 2088 711 2145 3)
745 2089 831 2131 sice
861 2089 1114 2145 yeneralem,
1139 2104 1211 2132 seu
1248 2090 1358 2133 nullo
1383 2090 1540 2143 addito,
1562 2089 1600 2132 si
1642 2104 1822 2133 censura

189 2159 443 2202 absolvenda
477 2158 729 2216 simpliciter
762 2166 979 2202 reservam
1013 2160 1083 2213 sit,
1118 2160 1159 2216 b)
1193 2160 1278 2202 sire
1310 2160 1535 2217 specialem
1583 2174 1633 2204 ex
1683 2160 1824 2204 verbis

194 2231 378 2285 rescripti
412 2230 762 2285 cognoscendam,
795 2231 832 2272 si
866 2236 1081 2273 reservata
1117 2232 1239 2274 fuerit
1272 2231 1450 2288 speciali
1485 2231 1602 2274 modo
1645 2245 1820 2275 censura

194 2302 456 2353 remittenda,
490 2299 528 2356 c)
564 2300 649 2342 sive
687 2300 865 2358 denique
907 2301 1257 2359 specialissinmm
1301 2302 1580 2345 «facultatem
1626 2305 1820 2358 impetra·

195 2373 324 2413 verini
350 2386 389 2423 n,
424 2370 461 2413 si
494 2376 708 2413 reservata
740 2371 1047 2428 specialissimo
1083 2371 1199 2415 modo
1235 2373 1301 2415 1113
1334 2372 1532 2425 511,ε((ί1·ο
1554 2373 1822 2431 praescripto

191 2455 281 2484 ean.
315 2443 441 2484 2954
474 2444 610 2484 statim
646 2443 907 2498 explicando,
945 2456 1016 2499 per
1049 2443 1157 2500 quod
1194 2443 1294 2485 tales
1340 2444 1555 2486 facultates
1599 2446 1684 2500 ipso
1732 2446 1822 2487 iure

192 2512 481 2554 conceduntur
514 2513 563 2555 ad
601 2525 720 2555 casus
753 2519 1033 2556 occurrentes.

311 2583 606 2625 Adnotandum
645 2583 769 2627 verba
809 2584 1095 2627 «absolvendi
1134 2589 1419 2640 potestatem...
1453 2587 1543 2628 5113
1580 2586 1818 2642 generalem

191 2655 280 2695 5113
313 2653 550 2708 specialem,
585 2657 673 2697 sive
708 2655 886 2711 denique
920 2654 1307 2711 specialissimam»
1348 2670 1424 2699 1133
1459 2657 1679 2712 designare
1703 2670 1817 2713 prae-

192 2726 275 2766 cise
311 2727 505 2766 maiorem
545 2725 605 2767 vel
644 2728 843 2767 minorem
880 2739 1096 2768 nnmerum
1132 2739 1290 2779 eorum,
1325 2729 1393 2783 (131
1428 2740 1473 2769 33
1499 2727 1718 2778 donantur,
1744 2740 1820 2770 nec

351 2876 391 2910 1?
424 2876 529 2910 Febr.
564 2878 665 2911 1T72.
698 2878 947 2911 Collectanea
975 2878 1010 2911 S.
1043 2878 1186 2931 Congr.
1214 2879 1259 2913 de
1288 2879 1330 2912 P.
1361 2878 1418 2922 F.,
1450 2890 1488 2912 n.
1517 2879 1600 2913 487.
