1981 3182
95 144 186 180 Can.
210 143 305 178 2209
481 142 564 177 Trr.
590 142 641 176 Π.
670 162 678 166 -
708 141 764 175 De
791 141 1097 185 immutabilitate
1121 140 1251 174 delicti
1277 141 1344 173 ete.
1681 137 1728 170 35

96 265 221 315 cium,
254 264 420 305 attentis
453 261 635 304 influxus
667 260 749 303 dati
785 259 1006 304 adiunctis,
1042 257 1292 300 retractatio
1316 259 1424 299 serio
1448 257 1551 300 saeta
1575 255 1729 298 iiiiam't

96 333 148 377 ob
184 335 451 376 mutationem
491 331 728 383 voluntatis,
761 328 834 372 sed
866 342 945 371 ivon
982 327 1124 385 aufert
1158 326 1508 385 culpabilitatem,
1531 339 1578 370 ea
1615 339 1729 369 men·

95 416 191 448 sura
224 416 305 460 qua
339 403 469 445 defuit
504 404 786 458 unusquisque
822 402 859 442 in
895 401 1200 442 retractatione.

216 473 273 516 De
308 486 386 515 non
423 472 674 528 impediente
707 471 902 513 delictum
945 472 1029 525 agit
1063 472 1086 521 ξ
1118 471 1159 510 6.
1202 482 1285 510 rem
1332 468 1507 511 juridice
1555 480 1728 524 perpen-

97 545 213 597 dens,
247 544 447 602 quidquid
485 546 535 586 sit
569 542 619 585 de
652 541 772 596 eulpa
809 540 967 589 morali,
1013 552 1136 596 quam
1184 541 1276 596 quis
1308 538 1360 582 ob
1409 541 1594 581 caritatis
1645 540 1730 580 vio-

99 615 292 658 lationem
330 617 543 657 ineurrere
596 617 740 668 potest,
789 611 955 668 quando
1005 610 1254 665 praevidens
1304 608 1615 664 possibilitatem
1652 621 1730 650 non

99 685 271 742 impedit
305 686 481 741 proximi
518 687 749 739 peecatum,
783 683 856 724 etsi
892 680 969 723 hoc
1003 685 1145 723 contra
1173 679 1305 735 legem
1340 682 1390 721 sit
1425 678 1653 734 poenalem.

216 756 272 800 En
307 761 443 799 textus
477 752 746 811 paragraphi:
787 750 869 804 Qui
904 751 942 793 in
978 750 1190 800 (telettum,
1227 754 1345 806 prout
1384 751 1511 791 «iure
1535 748 1725 791 ecclesia-

97 831 201 872 stico
234 825 521 882 intelligitur»
573 825 738 880 proprie
782 822 890 879 (can.
928 822 1055 874 2195,
1089 824 1113 875 ,ξ
1153 820 1204 877 l).
1251 819 1477 864 eonem-rit.
1515 820 1551 861 id
1594 824 1654 861 est
1686 819 1731 861 fit

100 900 306 955 particeps
336 896 498 952 eulpae,
532 894 631 937 nihil
665 893 859 950 equidem
894 892 1119 949 operando,
1153 905 1224 934 seu
1259 904 1380 933 seeum
1414 889 1638 933 (tanitaoeat
1668 888 1726 946 os-

97 968 251 1025 fieiam,
277 980 449 1023 nempe:
486 978 635 1008 munus
658 963 871 1021 quodlibet
894 976 915 1006 a
945 977 988 1006 se
1011 967 1250 1018 susceptum
1278 960 1524 1017 neqli'yendo
1551 962 1729 1016 proprie,

97 1037 430 1097 imputabilitate
471 1036 656 1080 eiusdem
696 1034 920 1077 «delicti»
964 1037 1003 1076 in
1043 1047 1133 1077 can.
1171 1033 1280 1075 2199
1317 1032 1524 1075 declarata
1567 1036 1731 1074 tenetur

96 1108 422 1168 proportionata
443 1110 554 1150 iuxta
580 1106 823 1162 prudentem
852 1105 1000 1147 iudicis
1018 1109 1085 1146 aut
1104 1105 1336 1159 superioris
1354 1102 1727 1145 considerationem

99 1179 349 1236 obliqationi
382 1192 463 1235 qaa
497 1191 545 1220 ex
582 1177 717 1219 officio
750 1176 896 1218 eodem
922 1173 1174 1231 atliqebatetr
1205 1172 1261 1215 ad
1293 1172 1489 1215 delictum
1528 1172 1625 1214 illud
1651 1173 1732 1213 sin-

101 1251 244 1308 gulare
277 1262 351 1291 sao
385 1247 516 1305 officio
550 1249 733 1290 exercito
769 1244 1091 1303 impediendum.

219 1322 399 1364 (jonreos
445 1332 610 1375 semper
656 1318 911 1361 accessorios
961 1317 1126 1371 respicit
1179 1319 1410 1370 postremus¹
1441 1312 1469 1369 ξ
1502 1315 1543 1356 7.
1581 1311 1735 1368 Delicti

103 1390 324 1436 cuiuslibet
356 1391 406 1434 ad
443 1402 629 1433 normam
665 1400 754 1431 can.
796 1387 908 1430 *2193
948 1389 1028 1429 iam
1053 1385 1093 1442 a)
1115 1385 1283 1442 patrati
1317 1383 1510 1426 lzzealatio
1543 1383 1733 1439 simplex,

107 1463 169 1506 vel
204 1475 226 1505 a
261 1463 415 1504 fortiori
451 1459 688 1503 ratihabitio
727 1461 810 1501 «in
848 1459 964 1501 sactis
987 1458 1236 1505 criminosis,
1261 1468 1366 1511 quae
1401 1457 1566 1496 nomine
1599 1453 1734 1496 alieno

106 1535 246 1591 peragi
298 1537 479 1589 possunt.
528 1533 680 1588 quippe
731 1523 917 1572 mandari
970 1532 1138 1584 possunt
1171 1532 1210 1570 et
1246 1528 1387 1583 pertici
1434 1528 1471 1568 in
1516 1525 1733 1568 utilitatem

105 1604 353 1657 mandantis,
405 1603 530 1645 veluti
580 1601 871 1653 homicidium,
907 1599 1160 1648 incendium,
1195 1597 1424 1641 alienarum
1475 1610 1611 1639 rerum
1647 1594 1737 1638 sub-

104 1677 370 1731 i·eptiones,...
405 1673 633 1716 dummodo
672 1677 807 1714 tamen
850 1675 983 1713 ratum
1010 1669 1166 1712 habens
1190 1668 1402 1721 delictum,
1440 1667 1537 1710 illud
1590 1666 1733 1709 saltem

105 1745 339 1790 laudaverit
374 1747 487 1787 iuxta
521 1756 737 1795 canonem,
785 1741 846 1785 vel
895 1740 1081 1797 insuper)
1128 1740 1367 1796 probaverit
1408 1743 1545 1795 utpote
1582 1741 1732 1781 iactum

105 1817 271 1859 nomine
303 1828 391 1858 suo.
418 1829 437 1854 ›)
476 1814 671 1870 quamvis
694 1812 743 1855 ad
774 1825 914 1854 veram
941 1810 1275 1854 ratihabitionem
1304 1811 1530 1866 requiritur
1556 1810 1735 1863 insuper.

105 1891 147 1930 ut
185 1885 426 1929 «delictum
463 1889 703 1940 perpetrare
739 1885 933 1939 potuisset
959 1896 1006 1924 eo
1031 1886 1316 1938 temporeque
1351 1880 1576 1922 admissum
1605 1880 1677 1921 fuit
1697 1894 1736 1920 ›>.

106 1962 148 2001 ut
180 1959 281 2000 scite
314 1956 611 2000 animadvertit
643 1954 692 1998 el.
738 1953 859 1998 Card.
897 1953 1002 2009 Lega
1030 1954 1055 2006 ¹,
1093 1952 1134 2008 b)
1153 1952 1369 2009 fruetuum
1395 1965 1444 1994 ex
1469 1950 1621 1993 delicto
1647 1964 1735 2005 pro-

109 2029 363 2071 venientium
409 2025 704 2084 parti'cipatio,
736 2023 1022 2081 delinquentis
1056 2036 1133 2080 qua
1186 2023 1290 2074 talis,
1331 2038 1352 2062 (t
1375 2024 1470 2079 quia
1504 2034 1624 2063 secus
1659 2033 1736 2062 non

107 2097 330 2142 haberetur
363 2099 618 2154 propositum
654 2095 938 2152 delinquendi,
976 2099 1015 2137 ut
1051 2108 1148 2137 ecce
1182 2095 1213 2135 si
1249 2095 1341 2150 quis
1386 2106 1500 2134 reum
1536 2090 1737 2142 defendit,

108 2174 306 2226 receptat,
339 2171 493 2226 quippe
525 2167 601 2211 sibi
636 2169 837 2223 sanguine
872 2168 1138 2209 coniunctum
1175 2178 1224 2206 ne
1269 2165 1560 2219 gravissimam
1594 2160 1737 2204 subeat

108 2253 327 2298 poenam»
357 2240 385 2294 ¹,
419 2239 459 2296 e)
493 2238 732 2289 occultatio,
770 2237 1132 2295 qualitercumque
1169 2235 1234 2278 illa
1270 2236 1352 2287 tint,
1393 2248 1428 2276 ν.
1454 2248 1514 2289 gr.
1539 2232 1740 2288 ambigui-

107 2316 190 2355 tate
228 2312 465 2365 verborum,
501 2311 618 2353 saetis
651 2310 700 2352 ad
737 2311 916 2352 iustitiae
963 2310 1171 2350 ministros
1215 2305 1500 2361 decipiendos,
1533 2309 1570 2346 et
1605 2304 1647 2359 d)
1680 2316 1740 2344 re-

108 2382 306 2439 eeptatio,
343 2387 426 2425 tum
463 2381 648 2438 physica,
682 2394 787 2438 quae
821 2384 879 2423 est
915 2379 1020 2436 (arg.
1057 2378 1080 2420 l.
1120 2379 1153 2424 1,
1188 2378 1216 2435 ξ
1249 2377 1287 2431 3,
1323 2376 1379 2419 De
1415 2377 1532 2419 furtis
1556 2380 1593 2417 et
1617 2386 1741 2416 serio

108 2452 345 2510 corrupt0):
386 2468 406 2493 c(
431 2454 636 2508 refugium
660 2450 942 2494 abscondendi
968 2461 1091 2493 eausa
1120 2452 1329 2505 praestare
1355 2450 1392 2489 in
1417 2460 1491 2489 suo
1518 2445 1580 2488 vel
1607 2445 1742 2487 alieno

111 2524 199 2568 loco
224 2540 262 2579 2),
298 2528 382 2567 tum
419 2523 598 2577 moralis,
634 2536 740 2579 quae
776 2522 884 2564 idem
921 2525 981 2563 est
1014 2533 1062 2563 ac
1095 2518 1321 2561 defendere
1357 2519 1550 2573 privatim
1581 2515 1642 2557 vel
1671 2528 1743 2570 per

111 2594 318 2652 publicam
353 2593 520 2638 civilem
555 2596 860 2642 auctoritatem,
894 2591 1003 2649 quod
1040 2595 1097 2633 est
1138 2589 1233 2632 «ab
1267 2586 1645 2645 oppugnationilJus
1668 2585 1739 2628 ali-

111 2679 232 2723 quem
270 2670 550 2721 protegere»,
587 2668 750 2720 prepter
787 2662 1207 2720 quasdefensionem
1249 2672 1296 2702 ae
1331 2657 1665 2702 ratihabitionem
1703 2660 1744 2698 et

110 2739 142 2780 si
177 2737 275 2794 quid
311 2735 421 2779 aliud
457 2737 729 2791 excogitetur,
775 2746 970 2790 expresse
1018 2732 1132 2775 addit
1180 2744 1336 2773 canon:
1373 2729 1412 2785 e)
1448 2728 1576 2771 (ttz'ire
1609 2732 1740 2768 aetas.

232 2890 242 2911 ¹
271 2889 561 2923 Praeleetziones
581 2888 619 2920 in
641 2884 799 2921 textum
813 2886 916 2919 Iuris
931 2884 1123 2919 canonici.
1142 2883 1227 2917 Lib.
1245 2883 1296 2923 ΙΙ,
1315 2881 1402 2925 Vol,
1419 2881 1491 2925 ΙΙΙ7
1509 2891 1616 2913 num.
1634 2880 1691 2911 43.
