1981 3182
1923 71 1930 78 Ι
1958 69 1963 71 .

202 160 272 192 244
574 160 657 194 Lm.
681 160 725 193 V.
748 180 759 184 -
782 160 889 194 PARS
912 161 977 194 111.
1002 182 1013 186 -
1033 162 1088 196 De
1101 165 1238 205 poenis·
1258 164 1299 195 in
1317 163 1456 196 delicta
1507 162 1600 197 Cau.
1627 163 1831 199 2346—‘2347

202 278 395 322 ordinum
431 279 695 322 erseeatione
715 293 786 322 seu
813 295 833 320 ((
856 279 907 323 31)
940 282 1050 323 omni
1079 285 1171 323 actu
1209 283 1418 336 potestatis
1451 282 1608 325 ordinis
1642 288 1831 339 receptae

204 364 275 406 per
308 350 655 393 ordinationem»
680 349 731 394 01)
765 363 853 395 can.
880 351 1006 403 2279,
1032 353 1056 405 g
1081 352 1117 401 2,
1145 352 1201 403 3
1237 352 1363 394 etiam
1395 358 1489 408 post
1522 352 1731 409 inleyram
1764 368 1831 396 sa-

203 420 485 478 tisfactionem
518 433 643 477 supra
689 423 927 478 requisitam
974 425 1142 478 praevie
1175 428 1214 464 el
1247 421 1549 465 absolutionem
1583 422 1634 466 ab
1665 437 1831 467 excom-

202 492 495 546 municatione,
520 490 608 545 sni,
644 493 802 535 ratione
850 493 1190 536 incardinationis
1231 492 1294 535 vel
1334 491 1503 536 alterius
1551 492 1831 537 subiectionis.

206 560 433 604 Ordinarii
465 560 644 605 arbitrio
678 563 811 619 quoad
849 567 1011 619 tempus
1043 563 1285 607 subeundae
1320 576 1489 620 poenae,
1524 566 1684 607 etiamsi
1713 578 1832 620 «per

200 632 368 675 modum
405 635 613 688 praecepti
659 638 774 676 extra
819 633 1018 677 iudicium
1044 650 1065 674 »
1106 634 1213 690 (can.
1251 634 1377 687 1933,
1411 636 1435 687 ξ
1469 633 1511 691 4)
1546 634 1832 692 suspendatur

197 716 327 760 poena
362 708 457 746 tunc
495 704 762 758 vindicativa,
797 709 835 748 et
875 705 983 748 «lex
1021 708 1148 748 utitur
1184 705 1323 748 verbis
1357 708 1636 761 praeceptivis
1660 721 1679 746 1)
1719 705 1827 763 (can.

200 775 328 828 2223,
362 778 386 829 ξ
421 775 477 833 3).

321 847 413 891 188.
451 849 635 893 Contra
668 849 951 904 illegitimas
974 862 1134 893 rerum
1165 849 1610 894 ecclesiasticarum
1643 850 1827 894 aliena-

196 920 373 964 tiones.
399 944 450 947 —
480 916 579 960 Can.
614 919 754 960 9347.
790 916 936 960 Firma
970 917 1011 974 a)
1048 917 1247 960 nullitate
1280 923 1412 971 aetas,
1446 918 1612 974 quando
1645 917 1747 961 haec
1779 919 1829 960 sit

194 1002 217 1032 a
252 1003 304 1032 ss.
337 988 564 1032 canonibus
610 988 672 1031 vel
717 988 818 1031 alias
861 988 1045 1044 legitime
1087 994 1252 1043 statuta,
1286 994 1324 1031 et
1363 987 1618 1045 ohliyalione
1660 987 1830 1045 duplici,

193 1060 322 1103 etiarn
354 1073 431 1117 per
463 1073 681 1102 censuram
717 1058 906 1116 aryenda
939 1059 1168 1102 secundum
1205 1059 1316 1116 leges
1350 1065 1387 1103 et
1421 1061 1678 1103 auctoritatis
1716 1072 1827 1102 com-

197 1134 370 1188 petentis
413 1131 691 1187 prudentiam,
728 1129 768 1187 b)
805 1129 1057 1172 restituendi
1099 1129 1203 1173 bona
1241 1130 1463 1188 illegitime
1495 1130 1719 1188 acquisita,
1752 1133 1830 1173 sci-

196 1202 317 1246 licet:
369 1215 462 1245 cum
512 1206 751 1244 contractus
800 1201 987 1244 nullitate
1037 1206 1107 1244 aut
1155 1204 1396 1257 irritatione,
1431 1201 1471 1258 c)
1505 1216 1553 1244 ae
1594 1201 1830 1259 reparandi

191 1272 349 1315 damna
393 1271 504 1329 forle
546 1271 686 1326 illata,
721 1274 794 1315 etsi
835 1276 1072 1315 contractus
1118 1272 1279 1315 validus
1321 1272 1496 1320 dicatur,
1531 1295 1585 1301 —
1619 1272 1691 1330 qni
1723 1272 1827 1315 bona

191 1343 494 1397 ecclesiastiea,
527 1343 712 1387 scilicet:
751 1360 772 1384 a
798 1341 1054 1399 temporalia,
1087 1346 1176 1386 sive
1209 1343 1455 1400 corporalia,
1480 1349 1565 1386 tum
1600 1343 1826 1387 immobilia

193 1421 278 1458 tum
315 1415 496 1469 mobilia,
531 1418 619 1458 sive
664 1414 955 1471 incorporalia,
990 1427 1097 1472 quae
1134 1414 1195 1457 vel
1230 1415 1279 1457 ad
1316 1414 1542 1458 Ecclesiam
1590 1416 1827 1457 universam

193 1492 232 1530 et
265 1487 314 1530 ad
350 1486 630 1543 Apostolicam
666 1486 813 1529 Sedem
854 1485 916 1528 vel
950 1487 1000 1529 ad
1036 1485 1158 1528 aliam
1195 1488 1233 1528 in
1270 1485 1451 1529 Ecclesia
1489 1498 1706 1541 personam
1742 1499 1826 1528 mo-

193 1557 322 1601 ralem
368 1560 643 1614 pertineant»
683 1557 789 1614 (ean.
828 1557 953 1603 1497,
988 1558 1015 1614 g
1050 1556 1106 1613 1),
1142 1556 1181 1613 3)
1216 1557 1420 1611 alienare,
1455 1559 1507 1599 ita
1544 1562 1586 1599 ut
1619 1556 1827 1600 Ecclesiae

194 1632 256 1672 ius
290 1631 328 1672 in
364 1642 410 1672 ea
445 1627 550 1671 bona
574 1628 834 1672 deminutum
860 1631 1038 1671 evaserit
1064 1641 1136 1684 per
1159 1633 1431 1680 0031130133),
1453 1628 1789 1685 praesumpserit
1814 1627 1826 1648 1

193 1700 303 1757 quod
341 1699 514 1743 verbum
561 1704 619 1742 est
661 1688 937 1755 supplendum
973 1712 1021 1741 ex
1058 1699 1360 1755 grammaticali
1406 1700 1712 1741 constructione
1750 1698 1826 1741 sub

195 1771 328 1814 littera
365 1769 405 1827 b)
440 1776 514 1813 aa!
547 1770 588 1812 in
625 1770 678 1812 iis
712 1769 954 1812 alienandis
994 1783 1236 1812 eonsensum
1267 1768 1480 1826 praebere,
1520 1769 1733 1812 videlicet:
1769 1769 1825 1811 31-

192 1845 395 1884 terutrum
431 1846 577 1884 eontra
607 1840 878 1898 praescripta
913 1842 1130 1893 ean534,
1163 1840 1191 1897 ξ
1230 1840 1240 1881 l
1274 1840 1327 1882 ibi
1362 1841 1627 1882 commentati
1663 1845 1700 1882 et
1734 1854 1823 1882 ean.

193 1913 326 1967 1532,
352 1914 421 1969 qui
451 1916 755 1955 commentatus
790 1912 865 1953 fuit
889 1913 926 1953 in
953 1927 974 1951 «
997 1910 1080 1953 Lib.
1115 1910 1179 1963 111,
1216 1910 1271 1953 De
1307 1910 1429 1954 rebus
1451 1926 1496 1963 »ς
1522 1910 1827 1953 distribuuntur

193 1995 349 2039 poenae
384 1983 634 2038 infligendae
667 1986 791 2039 atque
816 1981 922 2025 latae
946 1984 1173 2024 sententiae
1199 1984 1311 2024 iuxta
1339 1981 1520 2024 valorem
1542 1983 1599 2024 rei
1623 1980 1826 2024 alienatae

191 2056 380 2111 sequenti
417 2054 565 2098 modo:

311 2128 349 2167 1⁰
384 2125 429 2168 St
471 2131 628 2182 assatur
666 2124 716 2167 de
756 2138 802 2167 re
835 2124 953 2167 enias
984 2124 1165 2181 pretinm
1202 2138 1280 2166 non
1316 2123 1478 2166 excedit
1512 2122 1627 2167 inille
1660 2122 1826 2166 libellas

191 2208 339 2239 aureas
371 2210 419 2238 ex
457 2197 494 2239 S.
515 2195 681 2252 [301]ng
715 2195 1037 2252 iurisprudentia
1070 2207 1141 2237 seu
1177 2195 1353 2247 francos,
1388 2198 1458 2237 aut
1490 2193 1824 2251 aequivalentem

192 2270 230 2310 in
256 2270 437 2310 nummis
461 2267 551 2310 aliis
574 2280 795 2321 summam,
822 2272 917 2310 tunc
942 2265 1139 2323 eonyrais
1159 2265 1307 2323 poenis
1331 2280 1354 2307 a
1379 2265 1566 2322 leyiti'ino
1600 2265 1826 2322 Superi'ore

191 2337 475 2381 eeclesiastico
519 2340 804 2395 unusquisque
852 2351 901 2380 ex
953 2336 1174 2393 praedictis
1221 2335 1558 2392 delinquentibus
1602 2336 1823 2393 puniatur.

193 2409 464 2465 Praeceptive
498 2422 628 2465 poena
663 2409 982 2452 indeterminata
1016 2412 1075 2450 est
1109 2420 1303 2463 expressa
1341 2407 1449 2461 (can.
1485 2406 1613 2461 2217,
1645 2406 1673 2464 ξ
1706 2406 1743 2461 1,
1785 2406 1823 2447 1Ο

190 2485 226 2523 et
262 2492 354 2524 can.
391 2479 518 2535 2223,
552 2480 579 2537 ξ
613 2479 669 2537 3).

311 2636 321 2655 ¹
349 2633 442 2667 Can.
472 2633 574 2667 22:29.
602 2637 620 2674 ἓ
650 2636 679 2667 1.
712 2633 744 2666 A
770 2632 896 2666 nullis
934 2632 1038 2666 latae
1077 2630 1300 2665 sententiae
1338 2631 1474 2675 poenis
1514 2630 1741 2676 ignorantia
1770 2630 1824 2663 af-

189 2680 338 2715 fectata
364 2681 447 2715 sive
475 2680 576 2725 legis
603 2681 685 2714 sive
713 2680 835 2714 solius
861 2691 1007 2724 poenae
1034 2687 1209 2722 excusat,
1239 2678 1331 2712 licet
1366 2678 1430 2712 lex
1465 2679 1582 2712 verba
1607 2677 1652 2712 de
1679 2677 1823 2723 quibus

191 2729 233 2762 in
261 2732 280 2769 ξ
306 2730 328 2761 :2
355 2728 570 2762 contineat.

312 2779 330 2816 ξ
356 2776 390 2808 2.
421 2775 462 2809 Si
488 2775 552 2809 lex
578 2774 721 2808 habeat
749 2774 886 2808 verba:
910 2776 1235 2818 praesumpserit,
1258 2783 1380 2806 ansas
1398 2771 1533 2815 faerit,
1550 2775 1725 2813 scienter,
1742 2775 1822 2806 stu-

190 2822 307 2863 diose,
339 2825 556 2863 temerarie,
578 2823 753 2856 consulto
780 2824 896 2866 eyerz't
923 2822 1048 2854 aliave
1076 2821 1222 2854 similia
1248 2831 1346 2864 quae
1373 2821 1528 2864 plenam
1555 2820 1822 2864 cognitionem

192 2881 236 2903 ac
263 2869 585 2904 deliberationem
613 2869 797 2913 exigunt⁷
827 2869 1025 2913 quaelibet
1053 2867 1378 2912 imputabilitatis
1406 2867 1632 2901 imminutio
1666 2868 1749 2900 sive
1776 2878 1822 2899 ex

193 2921 302 2960 parte
322 2917 553 2951 intellectus
573 2917 656 2951 sive
683 2928 730 2950 ex
758 2924 868 2960 parte
884 2916 1104 2950 voluntatis
1120 2915 1259 2949 eximit
1274 2927 1295 2948 a
1314 2915 1448 2959 poenis
1464 2914 1567 2948 latae
1584 2914 1820 2948 sententiae.
