1981 3182
167 139 190 173 8
632 139 716 173 LIB.
747 139 792 174 V.
822 160 834 165 -
861 139 971 174 PARS
997 140 1027 174 I.
1058 160 1067 166 -
1096 140 1153 175 De
1178 141 1330 176 delictis
1582 141 1675 177 Can.
1701 141 1797 177 219?

169 258 303 308 sitam,
337 261 377 300 et
410 262 468 300 est
507 257 794 301 «delictum»
831 258 872 315 a)
904 265 997 316 post
1030 260 1281 302 sententiam
1307 262 1472 316 proprie
1495 260 1647 304 dictam
1683 264 1796 305 iuxta

169 340 257 371 can.
293 328 419 371 1868.
452 329 480 386 ᾗ
517 329 552 383 1,
586 329 656 372 sed
693 332 731 372 in
767 329 919 373 iudicio
952 331 1157 373 criminali
1192 330 1472 374 declarantem
1511 331 1572 374 vel
1608 333 1800 389 infligen-

169 402 250 441 tem
277 412 345 441 reo
369 398 508 442 delicti
534 399 760 455 legitimam
786 403 1056 455 sanctionem,
1090 402 1256 459 quando
1291 401 1356 444 illa
1381 403 1432 444 sit
1452 400 1495 458 b)
1518 401 1672 445 iudicis
1694 416 1801 446 com·

165 469 347 527 petentis
380 470 658 526 cognoscendi
693 476 735 513 ut
770 470 993 526 plurimum
1029 485 1077 515 ex
1114 485 1203 516 can.
1239 473 1368 527 1566,
1401 477 1441 515 et
1473 473 1513 527 c)
1537 487 1644 530 quae
1671 487 1799 518 «sen-

170 542 293 583 tentia
314 556 332 581 J)
361 540 405 582 in
439 554 523 583 rem
561 540 789 583 iudicatam
826 542 1049 585 transierit
1073 556 1153 586 uno
1176 557 1224 586 ex
1250 543 1382 586 tribus
1406 544 1554 597 modis,
1578 557 1659 601 quo
1688 560 1709 586 <t
1732 558 1801 588 res

170 611 348 654 iudicata
383 611 558 654 habetur
580 628 601 652 ))
631 611 740 669 (can.
769 613 911 667 1902),
935 619 1008 655 aut
1043 617 1212 669 praevie
1245 620 1339 657 ante
1370 617 1617 657 sententiam
1640 614 1682 664 a)
1702 621 1798 673 post

169 681 468 739 confessionem
503 682 788 740 delinquentis
821 696 901 741 qua
935 684 1040 737 talis,
1068 698 1138 728 seu
1173 685 1223 728 de
1257 685 1325 728 tali
1359 685 1524 742 delicto,
1550 699 1624 729 nec
1646 686 1798 730 sufficit

171 754 276 796 facta
311 756 393 805 uni,
431 753 630 809 pluribus,
665 759 733 798 aut
780 754 957 811 publice,
1001 756 1071 798 sed
1117 755 1249 798 solum
1286 756 1328 813 b)
1362 756 1403 799 in
1438 756 1596 800 iudicio
1632 760 1801 813 proprie

167 822 324 881 factam
359 829 399 867 et
432 824 569 868 adhuc
602 831 639 877 c)
670 824 725 867 acl
756 839 948 868 normam
981 840 1072 868 can.
1108 828 1227 870 1750
1260 827 1395 884 quoad
1429 828 1698 871 confessionis
1722 830 1801 871 cir-

168 897 438 938 cumstantias
471 895 523 938 ibi
559 895 850 952 explicandas3
1536 894 1540 899 ’

286 965 317 1008 Ε
350 968 558 1009 contrario
592 967 641 1010 ad
678 968 993 1023 praecedentem
1029 981 1265 1020 numerum,
1300 968 1596 1024 praescribitur
1631 968 1695 1012 3.⁰
1719 968 1801 1014 No-

171 1036 321 1079 tort'um
357 1036 612 1079 notort'etctte
642 1036 751 1094 faeti
784 1042 843 1080 est
881 1037 1188 1091 «delictum»,
1222 1038 1260 1080 st'
1292 1037 1332 1095 a)
1364 1037 1529 1096 publice
1566 1045 1708 1083 notum
1740 1039 1799 1082 sit

169 1107 219 1150 de
239 1108 344 1150 facto
363 1108 496 1164 quoad
519 1108 916 1164 divulgationem&
934 1109 1363 1165 superadditu1·:b)in
1389 1109 1543 1153 talibus
1567 1110 1801 1168 adiunctis,

170 1191 247 1221 non
283 1180 363 1221 iam
404 1184 701 1232 «versetur»,
740 1185 779 1223 ut
818 1180 1126 1223 declaravimus
1160 1183 1197 1222 in
1233 1179 1292 1223 n.⁰
1314 1181 1369 1233 10,
1404 1181 1474 1224 sed
1515 1197 1536 1222 ((
1558 1184 1651 1224 sit»
1691 1195 1796 1225 eom-

171 1248 354 1303 missum,
391 1254 433 1291 ut
469 1255 685 1306 propterea
719 1251 801 1293 duo
835 1256 1084 1307 sequantur:
1118 1250 1158 1307 c)
1192 1250 1311 1293 malla
1353 1252 1702 1308 terqiversatt'one
1734 1266 1796 1295 ce—

169 1318 267 1374 lari,
304 1325 423 1376 prout
456 1320 654 1363 delictum
688 1326 747 1364 est
782 1321 883 1377 legis
916 1321 1099 1378 poenalis
1135 1322 1300 1365 violatio
1334 1336 1408 1365 ceu
1442 1324 1612 1376 factum,
1635 1323 1679 1380 d)
1704 1323 1795 1367 nul-

169 1392 290 1448 loque
322 1391 430 1434 iuris
462 1405 534 1435 seu
559 1404 763 1435 canonum
787 1392 992 1450 snffrayio
1017 1396 1054 1435 in
1083 1394 1269 1436 favorem
1300 1393 1536 1436 violationis
1559 1395 1800 1450 praedictae

169 1462 366 1504 excusari
398 1475 476 1520 qua
513 1463 709 1506 delictum
744 1463 986 1517 formaliter,
1019 1477 1090 1506 seu
1127 1466 1164 1506 in
1199 1466 1288 1507 eius
1321 1463 1549 1518 elementis,
1579 1479 1614 1506 v.
1635 1478 1695 1522 gr.
1722 1467 1797 1508 im-

171 1532 439 1589 putabilitatis
471 1533 651 1588 defectu,
686 1533 789 1590 legis
822 1535 1005 1591 poenalis
1038 1537 1297 1591 exceptione,
1328 1535 1477 1592 possit.

286 1604 520 1661 Explicatio
556 1607 668 1661 prius
701 1605 794 1648 data
828 1606 878 1648 de
902 1606 1067 1662 publico
1091 1606 1242 1649 delicto
1267 1608 1538 1649 confirmatur
1570 1619 1592 1650 a
1626 1619 1799 1663 canone,

169 1676 334 1733 quando
367 1675 528 1719 subdit:
563 1676 626 1718 40
666 1675 912 1719 «Delictum
948 1682 1052 1720 est»
1095 1675 1325 1731 Occultum,
1359 1676 1468 1734 quod
1512 1691 1591 1721 iton
1632 1683 1691 1721 est
1719 1691 1799 1736 pu-

169 1746 332 1797 blicum,
369 1753 507 1804 utpote
555 1747 705 1790 divisio
753 1747 1002 1791 delictorum
1038 1748 1242 1804 completa
1279 1761 1351 1804 per
1384 1747 1461 1792 hoc
1497 1749 1687 1792 ultimum
1723 1763 1799 1792 nu-

170 1831 329 1862 merum
365 1824 403 1861 et
438 1821 636 1875 primum,
671 1819 741 1862 sed
782 1835 803 1860 «
827 1819 1025 1863 delictum
1061 1824 1164 1862 est»
1202 1819 1406 1870 occultum
1441 1820 1742 1877 materialiter,
1760 1821 1800 1864 si

169 1889 301 1932 lateat
335 1892 635 1944 communitati,
669 1903 779 1933 nunc
812 1895 864 1941 et,
899 1895 1097 1947 quantum
1135 1890 1360 1946 prudenter
1394 1891 1569 1934 iudicari
1595 1894 1734 1947 possit,
1757 1894 1799 1935 in

172 1963 360 2016 proximo
409 1962 609 2013 futurum,
658 1966 937 2017 congruenter
971 1960 1029 2003 n.⁰
1069 1960 1121 2011 1⁰,
1158 1960 1356 2003 delictum
1401 1961 1536 2019 ipsum
1579 1974 1660 2019 qua
1704 1961 1798 2017 tale⁷

173 2037 340 2087 propter
373 2032 482 2089 quod
519 2032 787 2088 intelligatur,
819 2035 908 2075 sive
943 2035 999 2075 uti
1034 2033 1201 2086 factum,
1226 2034 1315 2075 sive
1338 2032 1601 2077 solummodo
1625 2036 1683 2077 uti
1706 2047 1802 2078 con-

170 2105 342 2145 trarium
379 2103 458 2159 legi
493 2102 677 2159 poenali3
713 2103 917 2146 oecultum
960 2102 1218 2161 formaliter,
1252 2103 1289 2145 si
1321 2103 1505 2146 eiusdem
1541 2104 1681 2148 delicti
1715 2105 1799 2148 ele—

173 2179 371 2227 mentum,
404 2174 512 2231 quod
559 2179 732 2217 vocatur
772 2173 1094 2231 imputribilitas,
1133 2174 1345 2217 «lateat»
1385 2181 1573 2231 respectu
1607 2176 1797 2233 divulga-

172 2248 292 2288 tionis
328 2244 571 2288 bimembris
601 2245 678 2289 sub
712 2245 771 2288 n.⁰
808 2245 864 2299 1⁰,
897 2248 1090 2303 quamvis
1129 2245 1228 2289 illud
1273 2246 1469 2289 delictum
1503 2249 1567 2301 sit,
1603 2247 1711 2304 quod
1745 2247 1796 2291 ad

170 2322 306 2359 cetera
344 2319 518 2372 pertinet
557 2316 775 2370 elementa,
821 2316 1047 2373 publicum.
1087 2332 1106 2357 ((
1133 2317 1476 2373 lmputabilitas»
1514 2316 1581 2360 hic
1614 2318 1801 2361 conside-

173 2393 257 2431 rata
283 2392 357 2440 est,
382 2401 458 2429 non
486 2390 564 2429 iam
591 2400 696 2444 quae
734 2404 755 2428 «
779 2390 816 2430 in
852 2389 936 2430 foro
969 2393 1138 2431 externo
1174 2391 1495 2445 praesumitur»
1532 2389 1581 2431 ad
1609 2401 1796 2432 normam

171 2471 260 2502 can.
298 2458 424 2509 2200,
457 2457 484 2515 ἓ
519 2459 555 2506 2,
590 2459 660 2501 sed
696 2471 801 2516 quae
836 2459 1013 2515 positive
1046 2464 1224 2507 constet:
1260 2460 1361 2502 alias
1395 2472 1473 2502 non
1498 2459 1668 2502 daretur
1701 2459 1800 2503 deli-

171 2534 281 2572 ctum
317 2529 522 2572 occultum
559 2529 800 2583 formaliter,
833 2531 931 2586 quin
966 2534 1072 2572 esset
1106 2532 1229 2572 etiam
1269 2530 1476 2573 occultum
1513 2530 1796 2575 materialiter.

175 2599 202 2642 E
237 2604 377 2642 contra
413 2613 555 2653 parum
593 2600 728 2650 refert,
764 2613 813 2642 an
850 2602 934 2656 ipse
968 2599 1214 2657 delinquens
1247 2603 1297 2643 sit
1331 2603 1522 2657 cognitus
1540 2600 1705 2657 publice
1731 2600 1798 2644 vel

173 2670 360 2714 occultus
393 2674 515 2726 atque
550 2673 726 2725 ignotus.

289 2740 488 2796 Exempla
524 2747 804 2797 proponantur
837 2742 886 2785 ad
921 2742 1204 2786 distinctiones
1238 2748 1276 2785 et
1309 2745 1595 2786 commentarii
1619 2742 1801 2787 elucida-

173 2815 339 2855 tionem.
376 2811 601 2855 Delictum:
637 2811 669 2853 ΙΟ
703 2812 752 2855 31)
788 2812 907 2856 L'rbis
939 2813 1278 2869 ephemeridibus
1302 2813 1476 2856 relatum
1501 2819 1559 2856 est
1587 2818 1699 2856 certo
1723 2826 1796 2869 pu·

176 2884 326 2927 blicum
362 2883 411 2925 de
445 2884 562 2929 tacto,
600 2883 649 2924 ll0
673 2883 721 2925 ad
750 2885 853 2926 fores
877 2884 1076 2927 ecclesiae
1100 2887 1381 2939 commissum,
1401 2884 1498 2927 dum
1524 2885 1800 2941 egrediuntur

1944 0 1981 216 t
