1981 3182
222 143 292 176 202
599 141 680 175 Lus.
705 142 746 176 V.
767 163 777 167 -
798 143 907 177 PARS
926 143 997 177 ΙΙΙ.
1020 164 1030 169 -
1053 145 1109 178 De
1122 147 1260 188 poenis
1279 147 1320 178 in
1338 145 1477 178 delicta
1530 144 1621 180 Can.
1649 0 1977 180 2315-2316]

225 261 375 304 sallem
399 264 436 304 in
462 261 644 319 quolibet
679 274 775 305 casu
810 261 968 305 duobus
1003 262 1187 318 testibus,
1213 276 1383 319 nempe:
1419 266 1615 319 personis,
1635 277 1741 322 quae
1766 267 1854 308 iure

227 338 396 376 naturae
431 334 640 376 testilicari
677 335 845 389 possint.

344 403 441 446 15⁶2.
478 405 661 449 Contra
703 409 983 461 suspectum
1028 408 1090 451 de
1134 407 1344 451 haeresi.
1379 431 1431 435 ——
1470 403 1570 448 Can.
1610 407 1745 449 2315.
1780 406 1854 449 Sn-

223 479 387 531 spectus
411 473 461 517 de
484 473 666 528 haeresi,
684 473 735 518 ob
756 476 1126 519 manifestationem
1150 477 1441 532 propositionis
1461 476 1530 519 tali
1549 489 1722 520 censura
1741 482 1855 519 nota-

224 550 303 598 tae,
322 550 362 588 et
382 550 549 602 propter
570 545 693 589 verba
717 546 777 589 vel
799 547 917 601 tacta,
937 560 1043 604 quae
1063 549 1176 590 iuxta
1196 561 1248 590 ss,
1269 560 1449 590 canones
1478 561 1515 588 v.
1535 561 1596 604 gr.
1617 547 1743 602 2319,
1768 549 1794 605 ξ
1819 548 1855 601 1,

225 629 263 659 n.
290 616 360 658 M
388 616 570 672 prudens
594 617 905 660 tundamentum
943 617 1141 674 praebent
1175 620 1328 661 erroris
1360 620 1522 676 sequuti
1557 623 1697 662 contra
1734 619 1856 662 tidem

225 686 487 742 catholicam,
521 687 593 745 qni
625 687 803 732 clericus
853 688 917 732 vel
966 689 1109 742 laicus,
1146 691 1280 732 forsan
1326 688 1557 745 religiosus,
1591 689 1775 732 monitus
1807 689 1858 733 ab

225 755 449 802 Ordinario
485 758 576 813 loci,
600 761 665 802 cui
700 758 777 802 hae
811 772 961 803 causae
993 765 1088 803 sunt
1122 765 1373 809 reservatae,
1403 774 1572 802 eausam
1605 760 1859 818 suspicionis

227 841 306 885 qna
334 835 643 885 permanentem
669 843 750 872 non
773 836 997 887 removeat,
1021 830 1182 874 actibus
1217 830 1419 887 leyilimis
1449 829 1740 888 prohibeatur,
1757 844 1860 888 quos

229 900 401 955 proinde
436 900 576 944 illicite
609 901 834 954 exercebit,
868 902 1174 958 dignoscendos
1209 916 1257 945 ex
1295 901 1491 958 parallelo
1525 914 1613 945 can.
1641 903 1766 952 2256,
1802 902 1860 956 ⁶20,

228 976 267 1013 et
301 971 478 1014 clericus
516 986 634 1028 «per
668 975 842 1028 primam
877 973 1021 1016 saltem
1056 978 1313 1017 tonsuram»
1343 973 1452 1030 (can.
1489 974 1584 1025 108,
1617 973 1645 1031 ἓ
1678 972 1720 1030 1)
1742 987 1861 1031 prae-

231 1047 360 1095 terea,
393 1045 564 1099 gravius
599 1043 844 1100 puniendus,
863 1044 934 1087 sed
968 1044 1151 1101 repetita
1182 1044 1398 1087 inutiliter
1433 1058 1503 1088 seu
1537 1045 1694 1102 absque
1730 1058 1860 1087 remo-

230 1115 351 1156 tionis
377 1115 582 1170 praet'atae
615 1115 764 1158 effectu
797 1115 1039 1171 monitione,
1063 1115 1350 1173 suspendatur
1373 1130 1396 1158 a
1422 1114 1593 1167 divinis,
1617 1128 1723 1173 quae
1752 1131 1772 1156 ((
1795 1130 1860 1158 sn-

229 1187 394 1240 spensio
431 1190 541 1229 vetat
572 1199 736 1229 omnem
771 1192 907 1230 actum
945 1189 1157 1243 potestatis
1195 1187 1351 1230 ordinis
1386 1200 1508 1243 quam
1545 1189 1637 1245 quis
1669 1190 1757 1230 sive
1793 1201 1864 1244 per

230 1269 390 1300 sacram
440 1257 741 1301 ordinationem
791 1261 879 1301 sive
924 1271 996 1313 per
1030 1258 1296 1314 privilegium
1335 1258 1537 1302 obtinet»
1577 1260 1684 1315 (can.
1735 1258 1862 1306 2279,

230 1328 257 1381 ,ξ
290 1327 328 1381 2,
364 1327 440 1383 ⁶20),
474 1333 513 1371 et
547 1328 762 1386 bucusque
790 1345 811 1369 «
837 1329 897 1372 lex
935 1331 1064 1372 utitur
1091 1328 1227 1372 verbis
1251 1331 1530 1386 praeceptivis
1553 1345 1573 1370 ))
1601 1329 1709 1385 (can.
1736 1329 1863 1384 2293,

229 1398 257 1456 ἓ
290 1398 345 1456 2),
382 1399 652 1456 proceditque
694 1412 824 1443 canon
871 1400 1060 1443 ulterius:
1106 1400 1215 1457 qnod
1248 1400 1285 1442 si
1323 1399 1439 1442 intra
1478 1414 1551 1443 seoe
1588 1414 1761 1457 menses,
1794 1403 1862 1458 qni

236 1474 498 1513 «sumantur
542 1475 661 1526 prout
694 1475 789 1513 sunt
824 1473 860 1513 in
896 1470 1178 1514 calendarii»)
1215 1471 1326 1526 (can.
1362 1470 1430 1524 34,
1466 1473 1490 1524 ξ
1524 1470 1563 1523 3,
1600 1469 1655 1522 10,
1692 1470 1770 1527 30),
1817 1484 1864 1514 ac

237 1556 256 1580 ((
283 1543 441 1597 primus
474 1541 562 1584 dies
595 1555 645 1584 ne
678 1547 943 1598 computetur
966 1547 1005 1585 et
1027 1547 1189 1598 tempus
1223 1542 1391 1584 liniatur
1424 1541 1588 1597 expleto
1623 1540 1765 1584 ultimo
1799 1542 1866 1585 die

232 1611 418 1654 eiusdem
453 1614 678 1667 numeri»,
712 1611 904 1655 subditur
936 1615 1069 1655 enim:
1106 1627 1129 1654 a
1165 1617 1381 1655 contracta
1414 1625 1549 1669 poena
1595 1625 1665 1668 per
1702 1617 1864 1655 senten-

233 1684 330 1725 tiam
366 1683 748 1726 condemnatoriam
785 1686 952 1739 praevia
989 1686 1227 1737 monitione,
1249 1687 1288 1726 et
1310 1682 1445 1740 quoad
1471 1682 1669 1726 clericum
1707 1684 1865 1742 iterata,

233 1752 457 1810 completos
490 1759 706 1811 suspectus
740 1753 790 1797 de
823 1753 990 1796 haeresi?
1023 1759 1066 1797 ut
1100 1756 1215 1796 initio
1249 1756 1418 1797 canonis
1442 1767 1531 1796 sese
1563 1766 1644 1796 non
1678 1752 1866 1796 ein-enda-

232 1824 338 1866 i=erit
363 1838 582 1868 removens
611 1841 630 1866 ((
654 1838 821 1869 causam
846 1827 1093 1882 suspicionis
1117 1841 1156 1879 n,
1182 1824 1388 1867 habeatnr
1411 1838 1459 1867 ex
1488 1825 1588 1867 iuris
1613 1826 1866 1880 praescripto

237 1900 434 1952 tanquam
471 1895 721 1952 haereticus,
753 1897 955 1954 quidquid
1002 1897 1123 1939 inerit
1166 1908 1306 1939 coram
1351 1894 1451 1950 Deo,
1485 1897 1549 1938 cui
1585 1908 1656 1938 cor
1689 1894 1868 1937 hominis

237 1971 360 2022 patet,
385 1965 692 2010 haereticorum
724 1968 871 2026 poenis
894 1981 965 2010 seu
1002 1972 1142 2010 cimira
1179 1980 1248 2010 eos
1282 1980 1354 2023 per
1387 1978 1478 2009 can.
1505 1965 1612 2009 2314
1642 1970 1728 2008 tum
1762 1965 1867 2008 latae

236 2042 320 2080 tum
357 2038 549 2081 serendae
581 2041 809 2082 sententiae
833 2038 1049 2089 obitori'm,
1073 2039 1268 2095 equidem
1304 2037 1383 2079 illis
1417 2039 1504 2094 ipso
1538 2037 1656 2091 facto,
1682 2035 1744 2079 his
1770 2049 1868 2079 vero

238 2122 309 2164 per
342 2112 587 2152 sententiam
622 2110 879 2166 plectendus.

360 2181 454 2223 153.
489 2182 712 2238 Suspicio
754 2183 816 2227 de
859 2183 1053 2227 haeresi
1097 2184 1161 2226 ob
1207 2181 1348 2225 huius
1393 2181 1637 2224 iuvamen.
1673 2203 1725 2208 —
1761 2177 1869 2220 lntcr

238 2253 375 2293 varios
399 2264 518 2294 casus
542 2254 788 2308 suspicionis
811 2252 861 2295 de
886 2251 1045 2295 haeresi
1078 2253 1214 2294 statim
1252 2253 1416 2307 ponitur
1450 2252 1581 2306 magis
1615 2251 1869 2305 propinquus

238 2325 311 2378 ipsi
338 2322 496 2365 haeresi
521 2322 598 2366 snb
616 2337 706 2367 caiz.
730 2325 862 2366 2316.
893 2322 975 2376 Qui
997 2322 1037 2379 a)
1058 2336 1219 2380 quoquo
1244 2320 1362 2364 modo
1381 2323 1454 2364 etsi
1482 2319 1704 2364 materialis
1727 2332 1870 2375 coope-

240 2396 421 2446 rationis,
451 2408 488 2436 V.
507 2407 567 2450 gr.
589 2396 626 2436 in
652 2394 824 2437 edendis
849 2393 1021 2450 legibus,
1047 2394 1240 2441 decretis,
1261 2391 1548 2435 subveniendo
1572 2392 1770 2447 pecuniis,
1790 2403 1870 2433 ser-

240 2467 353 2517 vitio,
390 2464 691 2508 baereticorum
718 2478 841 2521 opera
875 2466 1069 2522 quamvis
1104 2464 1305 2517 benefica,
1331 2463 1432 2506 baec
1455 2467 1525 2505 ant
1558 2461 1631 2504 bos
1664 2473 1869 2504 commen-

239 2536 390 2589 dando,
426 2538 478 2578 ita
514 2540 555 2578 ut
590 2549 662 2592 per
685 2536 874 2578 diversos
907 2540 1023 2579 actus
1056 2534 1261 2588 haeresis>
1299 2536 1388 2576 sive
1414 2534 1656 2589 praesertim
1683 2533 1869 2579 insecta,

238 2609 327 2649 sive
367 2607 475 2649 illins
523 2609 676 2649 erroris
724 2611 865 2650 contra
916 2606 1038 2649 tidem
1088 2606 1274 2649 divinam
1311 2609 1350 2647 et
1383 2603 1629 2647 catholicam
1665 2605 1702 2644 in
1736 2603 1869 2657 seipso

238 2678 486 2721 considerati
511 2678 859 2735 propafflti'onem
886 2679 924 2720 in
950 2691 1033 2731 eos,
1052 2678 1121 2734 qni
1149 2678 1261 2732 prius
1297 2675 1406 2717 illam
1443 2687 1521 2717 non
1558 2672 1869 2730 profitebantur.

240 2754 385 2806 sponte
418 2749 595 2792 scilicet:
630 2751 717 2792 sine
755 2751 790 2791 vi
825 2753 894 2791 aut
930 2752 1039 2790 metu
1074 2749 1209 2803 gravi,
1242 2752 1281 2788 el
1313 2746 1506 2796 scienter,
1540 2744 1648 2802 qnod
1698 2742 1869 2786 verbum

241 2834 289 2863 ex
327 2820 414 2863 loco
450 2819 645 2877 parallelo
686 2819 891 2875 «plenam
927 2820 1206 2874 cognitionem
1243 2822 1279 2860 et
1314 2816 1653 2859 deliberationem
1694 2816 1865 2869 exigit»

240 2891 348 2947 (can.
385 2891 512 2944 2999,
547 2893 570 2944 ἓ
610 2890 652 2946 Q)
687 2890 820 2946 quoad
869 2891 1058 2945 propriae
1092 2890 1265 2931 actionis
1305 2888 1524 2938 infinitum,
1568 2885 1683 2927 iziz-al
1725 2884 1867 2927 saltem
