1981 3182
0 0 294 91 ruz-‘mrum
309 0 360 17 ·⁷‚-e
371 0 394 6 ><
405 3 418 16 ῃ
480 0 486 5 =
498 0 515 7 ⁷-
552 4 557 5 ν

0 91 26 111 'w

124 125 221 162 Can.
249 123 342 159 2363
503 122 586 155 Tm
615 120 722 154 XVI.
751 139 763 145 ·
791 119 847 153 De
864 119 1015 153 delictis
1033 120 1075 151 in
1093 118 1244 152 adonin.
1266 117 1373 151 Βίων.
1679 115 1749 149 275

126 248 350 297 servatam,
387 243 468 283 imo
501 239 550 283 ad
585 237 771 282 eiusdem
806 235 1105 280 absolutionem
1152 235 1259 291 quod
1296 236 1452 284 attinet,
1488 247 1565 276 non
1600 232 1671 276 abs
1706 246 1748 276 re

125 317 322 358 cavetur:
358 326 382 354 α
415 325 497 368 qua
531 309 674 366 nequit
708 306 793 350 ullo
828 306 869 349 in
904 319 1002 348 casu
1037 304 1206 355 absolvi,
1240 307 1362 348 etiam
1397 304 1447 347 ab
1481 318 1528 346 eo
1552 305 1618 359 qui
1646 303 1749 346 lianc

127 384 303 427 obtinuit
337 381 574 425 facultatem
614 378 675 422 vel
711 377 979 422 absolutionis
1013 378 1361 423 commissionem,
1396 374 1493 423 nisi,
1527 376 1659 430 prouti
1683 386 1750 416 na-

129 453 260 498 turale
293 455 356 495 ius
388 453 532 508 exigit,
563 450 614 494 ab
648 448 831 492 Ecclesia
865 447 1184 490 determinatum
1220 448 1300 488 sic:
1336 445 1377 501 a)
1409 444 1562 502 falsam
1598 443 1751 487 demm-

127 524 352 568 emtionem
371 521 628 580 formaliter,
648 510 848 563 confitens
867 517 1008 560 falsam
1029 530 1132 570 esse,
1149 514 1507 571 retractaverinb)
1524 520 1562 557 el
1580 514 1748 569 (larana,

126 596 164 638 si
184 609 265 653 qna
285 594 383 637 inde
404 598 545 636 secula
564 592 648 635 sin!
675 595 840 647 propter
875 588 1050 631 inflictas
1086 600 1248 643 poenas.
1274 591 1310 629 et
1336 587 1469 629 forsan
1496 586 1547 629 ob
1571 587 1748 629 diminu-

128 669 279 710 tionem
331 666 464 707 famae
510 663 764 714 confessarii,
795 673 872 717 pro
916 657 1087 712 viribus,
1120 671 1190 700 sen
1226 662 1424 714 quantum
1463 656 1654 713 possibile
1685 658 1748 710 sit,

130 735 408 794 reparat-erit,
455 739 494 776 nt
544 736 582 776 in
631 732 881 775 conscientia
915 728 1134 785 obligatur,
1170 728 1209 784 c)
1245 727 1439 784 imposita
1474 727 1646 784 insuper
1680 740 1751 782 per

127 807 411 852 absolventem
433 804 555 862 (ultra
583 800 812 860 praedicta)
838 799 1025 843 facienda
1047 799 1170 857 gravi
1196 801 1232 841 in
1258 812 1298 841 se
1319 812 1367 839 ae
1388 797 1591 840 (liutwini
1616 796 1748 853 quoad

126 878 387 921 durationem
427 875 487 917 vel
525 875 781 916 iterationem
817 869 1104 928 poem'lentr'a;
1137 874 1357 925 monetque
1381 881 1510 910 canon
1548 870 1658 910 iuxta
1692 869 1749 909 in-

128 948 466 1004 terpretationem
501 945 664 987 datam:
699 942 817 999 firmo
849 941 1114 999 praescripto
1148 954 1238 982 can.
1273 942 1379 982 894.
1411 965 1462 968 —
1496 937 1674 993 Nempe:
1712 940 1749 979 in

126 1017 291 1061 casibus
324 1016 655 1060 denunciationis
677 1013 784 1069 apud
814 1012 970 1055 iudices
998 1012 1300 1054 ecclesiasticos
1328 1013 1407 1051 vim
1434 1008 1635 1055 habentis,
1663 1021 1752 1064 pec-

126 1093 264 1132 catum
301 1092 362 1130 est
394 1099 559 1141 semper
591 1086 764 1128 Sanctae
797 1083 890 1126 §edi
927 1086 1200 1129 reservatum,
1240 1082 1433 1138 quamvis
1465 1078 1516 1122 ab
1550 1079 1625 1121 bac
1658 1091 1752 1121 cen-

126 1172 221 1202 sura
271 1159 435 1200 forsitan
485 1156 793 1212 delinquentem
836 1158 1048 1195 «excuset
1094 1153 1322 1208 ignorantia
1374 1150 1474 1206 legis
1516 1154 1584 1192 aut
1627 1148 1752 1191 solius

130 1241 301 1286 poenae,
334 1230 366 1271 si
401 1241 480 1270 non
517 1228 641 1270 fuerit
673 1238 808 1269 crassa
850 1224 911 1267 iel
947 1225 1137 1280 supina»
1177 1222 1283 1278 (can.
1321 1221 1446 1273 2229,
1476 1222 1499 1274 g
1533 1220 1572 1274 3,
1598 1218 1674 1275 ⁴1⁰),
1699 1221 1751 1262 ita

133 1305 175 1344 ut
208 1312 286 1342 non
325 1301 461 1355 vigeat
496 1312 568 1354 pro
591 1297 746 1357 ¹eodem
781 1308 876 1339 casu
913 1307 1054 1337 norma
1090 1306 1178 1337 can.
1217 1292 1342 1343 2246,
1365 1292 1392 1348 ,ξ
1416 1292 1463 1334 3;
1504 1307 1522 1331 «
1551 1303 1693 1333 verum
1718 1292 1749 1332 si

83 1420 95 1431 ⁸
126 1372 224 1428 quis
253 1382 274 1413 a
308 1376 482 1413 censura
527 1372 750 1411 excusatur
786 1366 847 1409 vel
882 1366 932 1408 ab
977 1365 1120 1407 eadem
1157 1365 1230 1406 fuit
1265 1362 1491 1416 absolutus,
1526 1362 1751 1404 reservatio

135 1442 290 1498 peccati
327 1441 489 1497 penitus
521 1443 713 1482 cessat».

758 1625 990 1663 TITULUS
1023 1625 1129 1662 XVI.

328 1722 390 1764 De
425 1721 614 1764 delictis
648 1721 694 1762 in
727 1719 1136 1762 administratione
1169 1718 1241 1760 vel
1274 1716 1564 1770 susceptione

438 1792 662 1836 ordinum
697 1792 994 1845 aliorumque
1027 1789 1452 1833 Sacramentorum.

184 1933 270 1969 CAN.
287 1931 391 1968 2364.
408 1954 424 1958 -
440 1932 599 1968 Minister
613 1931 670 1978 qui
687 1942 792 1966 ausus
809 1930 910 1965 fuerit

135 1980 364 2017 Sacramenta
385 1980 631 2015 administrare
658 1978 726 2013 illis
752 1978 809 2024 qui
838 1978 911 2013 iure

135 2030 209 2064 sive
235 2028 355 2063 divino
379 2027 451 2063 sive
476 2026 708 2062 ecclesiastico
725 2026 843 2061 eadem
864 2036 912 2059 re-

134 2077 251 2122 cipere
277 2074 518 2122 prohibentur,
539 2074 772 2119 suspendatur
790 2072 833 2108 ab
851 2073 910 2107 ad-

138 2122 382 2158 ministrandis
408 2120 643 2156 Sacramentis
683 2131 742 2166 per
774 2125 911 2165 tempus

139 2170 299 2217 prudenti
317 2167 497 2205 Ordinarii
513 2167 656 2203 arbitrio
671 2167 910 2203 definiendum

134 2218 283 2263 aliisque
310 2216 430 2262 poenis
451 2226 510 2262 pro
528 2215 695 2259 gravitate
713 2215 835 2260 culpae
856 2226 912 2260 pu-

138 2265 267 2306 niatur,
297 2264 407 2298 firmis
447 2262 678 2309 peculiaribus
716 2262 836 2308 poenis
875 2263 909 2295 in

137 2313 255 2358 aliqua
282 2310 385 2347 huius
423 2310 560 2355 generis
593 2309 719 2345 delicta
746 2309 818 2344 iure
844 2315 910 2343 sta-

125 2359 232 2395 tutis.

182 2404 267 2442 Cts.
285 2403 377 2440 2365
411 2424 427 2431 -
445 2403 627 2450 Presbyter
645 2403 702 2449 qui
723 2414 786 2438 nec
805 2414 824 2438 a
840 2403 912 2437 iure

133 2464 198 2490 nec
223 2464 263 2489 ex
291 2452 435 2488 Romani
475 2451 650 2486 Pontificis
689 2450 912 2486 concessione

139 2501 337 2536 facultatem
359 2499 491 2534 habens
509 2503 767 2533 sacramentum
787 2497 911 2533 confir-

135 2548 300 2583 mationis
332 2546 534 2581 ministrare
570 2556 676 2580 ausus
716 2545 829 2587 fuerit,
856 2556 911 2579 su-

135 2595 345 2641 spendatur·,
371 2593 398 2628 si
427 2604 505 2628 vero
525 2593 699 2628 facultatis
717 2591 781 2627 sibi
804 2592 912 2627 factae

137 2642 266 2677 limites
293 2639 522 2687 praetergredi
553 2639 834 2685 praesumpserit,
861 2650 913 2674 ea—

132 2689 212 2725 dem
241 2688 403 2724 facultate
425 2698 464 2722 eo
492 2687 565 2733 ipso
594 2687 750 2732 privatus
776 2686 912 2721 existat.

184 2736 270 2772 CAN.
292 2734 395 2770 2366.
428 2755 444 2760 -
472 2733 639 2769 Sacerdos
665 2734 722 2779 qui
751 2733 827 2768 sine
853 2744 911 2768 ne-

135 2783 285 2819 cessaria
312 2782 551 2818 iurisdictione
572 2781 840 2827 praesumpserit
860 2791 912 2815 sa-

136 2829 368 2866 cramentales
382 2829 617 2865 confessiones
635 2828 765 2868 audire,
775 2832 825 2862 est
841 2827 914 2873 ipso

140 2877 229 2913 facto
255 2888 445 2923 suspensus
470 2887 489 2911 a
516 2875 666 2919 divinis;
696 2875 753 2921 qui
783 2885 860 2910 vero
894 2885 913 2909 a

986 1929 1134 1975 peccatis
1162 1928 1343 1963 reservatis
1369 1926 1556 1961 absolvere.
1577 1925 1650 1970 ipso
1670 1925 1757 1959 facto

986 1987 1175 2022 suspensus
1210 1980 1260 2010 est
1293 1974 1336 2009 ab
1366 1973 1550 2009 audiendis
1576 1972 1759 2007 confessio-

987 2023 1103 2058 nibus.

1033 2071 1115 2105 ets.
1144 2068 1247 2104 2367.
1266 2089 1286 2095 —
1306 2073 1325 2110 ἓ
1350 2068 1377 2102 l.
1399 2067 1590 2103 Absolvens
1618 2066 1667 2101 vel
1697 2066 1758 2100 fin-

985 2129 1070 2162 gens
1095 2117 1272 2152 absolvere
1302 2115 1504 2161 complicem
1546 2115 1579 2149 in
1621 2118 1758 2159 peccato

986 2165 1076 2211 turpi
1105 2165 1250 2199 incurrit
1283 2163 1355 2209 ipso
1384 2164 1470 2197 facto
1498 2163 1531 2196 in
1560 2172 1757 2196 excommu-

987 2212 1197 2247 nicationem
1243 2210 1493 2256 specialissimo
1535 2209 1635 2244 modo
1678 2207 1756 2243 Sedi

987 2260 1203 2306 Apostolicae
1221 2263 1451 2299 reservatam;
1478 2257 1581 2302 idque
1598 2256 1699 2291 ctiam
1722 2256 1756 2290 in

987 2307 1107 2342 mortis
1132 2306 1290 2348 articulo,
1320 2305 1346 2339 si
1373 2305 1464 2339 alius
1490 2304 1661 2344 sacerdos,
1681 2303 1758 2338 licet

987 2366 1054 2388 non
1097 2353 1309 2400 approbatus
1339 2353 1380 2386 ad
1408 2352 1654 2387 confessiones.
1684 2350 1759 2385 sine

985 2401 1079 2445 grati
1108 2401 1226 2446 aliqua
1253 2400 1426 2435 exoritura
1446 2398 1591 2433 infamia
1609 2403 1641 2432 et
1659 2408 1758 2432 scan-

986 2449 1076 2484 dalo.
1103 2448 1207 2494 possit
1234 2447 1390 2493 excipere
1424 2446 1604 2481 morientis
1630 2446 1760 2480 confes-

987 2497 1132 2536 sionem,
1162 2500 1301 2540 excepto
1327 2505 1407 2529 casu
1435 2504 1502 2539 quo
1529 2492 1759 2527 moribundus

986 2549 1119 2578 recuset
1146 2543 1202 2577 alii
1231 2541 1400 2577 confiteri.

1034 2591 1094 2632 ξιξ.
1108 2590 1258 2625 Eandem
1275 2587 1671 2624 excommunicationem
1687 2596 1758 2620 non

986 2637 1104 2682 cffugit
1131 2637 1315 2672 absolvens
1342 2636 1393 2671 vel
1422 2635 1557 2680 fingens
1583 2633 1760 2668 absolvere

986 2685 1189 2730 complicem
1218 2684 1275 2729 qui
1306 2688 1482 2729 peccatum
1509 2681 1648 2728 quidem
1667 2691 1759 2715 com-

988 2732 1164 2778 plicitatiS,
1184 2743 1204 2766 a
1223 2742 1290 2777 quo
1309 2731 1464 2766 nondum
1492 2735 1544 2764 est
1569 2728 1760 2767 absolutus,

988 2791 1056 2814 non
1085 2778 1281 2818 confitetur,
1309 2779 1366 2813 sed
1395 2778 1470 2812 ideo
1508 2777 1555 2811 ita
1592 2787 1625 2810 se
1655 2774 1756 2819 gerit,

987 2827 1069 2872 quia
1095 2826 1136 2861 ad
1165 2826 1196 2861 id
1224 2837 1244 2861 a
1271 2825 1437 2871 complice
1460 2823 1669 2859 confessario
1687 2821 1760 2856 sive

987 2874 1114 2909 directe
1140 2873 1212 2909 sive
1238 2873 1405 2908 indirecte
1433 2872 1594 2906 inductus
1620 2875 1680 2905 est.
