1981 3182
219 142 287 175 138
592 140 675 173 Lm.
699 140 743 173 V.
766 159 776 164 -
797 139 907 173 PARS
926 138 997 172 III.
1021 158 1028 162 -
1050 137 1107 172 De
1120 139 1258 181 poenis
1276 139 1319 170 in
1336 136 1476 170 delicta
1632 133 1724 168 Can.
1750 133 1844 168 2314
1950 0 1975 171 !

317 257 351 292 10
379 256 445 301 Qui
464 258 865 293 matrimoniumineuut
879 267 994 292 coram
1068 256 1204 291 tholicis
1247 255 1416 290 ministris
1458 255 1685 301 baptizandos
1725 255 1845 291 offerre

219 304 380 339 ministro
397 305 587 341 acatholico
605 310 724 340 contra
746 304 995 350 praescriptum
1069 308 1315 350 praesumunt;

218 364 297 387 can.
331 351 432 388 1063.
461 356 480 394 ἓ
511 352 546 393 1;
1161 349 1199 384 4⁰
1229 349 1390 385 Parentes
1430 350 1480 385 vel
1521 355 1703 396 parentum
1732 350 1843 385 locum

312 398 350 433 ²20
379 398 444 443 Qui
475 399 698 434 matrimonio
718 400 889 434 uniuntur
915 410 992 433 cum
1067 402 1226 433 tenentes
1243 398 1301 443 qui
1323 397 1447 432 liberos
1466 398 1500 431 in
1521 398 1686 442 religione
1712 398 1846 433 acatho-

219 451 317 492 pacto
353 446 513 492 explicito
540 447 591 482 vel
623 447 792 492 implicito
819 452 855 482 ut
881 446 995 481 omnis
1067 445 1133 480 lica
1158 445 1357 480 educandos
1376 445 1428 480 vel
1446 444 1678 480 instituendos
1698 445 1846 481 scienter

219 494 269 528 vel
297 493 415 536 aliqua
443 494 553 539 proles
579 494 744 530 educetur
769 500 864 530 extra
882 493 994 528 catho-
1067 492 1223 527 tradunt.

219 540 321 575 liram
350 541 555 582 Ecclesiam;
1116 544 1135 582 ξ
1164 544 1194 574 2.
1225 540 1247 575 li
1275 540 1317 576 de
1347 540 1473 586 quibus
1508 541 1543 574 in
1572 545 1590 582 ξ
1622 541 1649 581 l,
1676 551 1739 575 nn.
1770 540 1842 581 24,

314 588 351 622 30
380 587 446 632 Qui
474 589 623 624 scienter
657 589 782 624 liberos
815 600 894 624 suos
924 600 998 624 aca-
1069 593 1150 622 sunt
1178 592 1353 634 praeterea
1379 589 1529 633 suspecti
1558 588 1599 623 de
1626 588 1771 624 haeresi.

345 684 434 726 150.
474 686 728 742 Inscriptio
751 688 897 731 Tituli
922 690 970 731 et
993 699 1232 731 canonum
1267 686 1589 730 coordinatio.
1611 709 1668 715 —
1687 684 1846 728 Primus

220 753 381 797 'l'crtiae
417 754 545 797 Partis
574 754 736 798 Titulus
762 754 821 798 XI
851 755 959 799 Libri
989 754 1016 797 V
1042 761 1100 798 est
1135 758 1355 811 inscriptus
1382 754 1439 798 De
1471 755 1652 808 delictis,
1678 760 1721 798 ut
1745 754 1845 799 haec

220 825 477 868 deliniuntur
512 828 549 868 in
584 839 674 870 can.
711 827 838 876 2195,
871 826 899 884 ἓ
936 827 970 880 t,
1005 832 1151 869 contra
1185 825 1319 883 fidem,
1353 839 1460 884 quae
1503 832 1562 869 est
1597 829 1727 883 prima
1766 829 1843 869 vir-

220 901 351 938 tutum
389 896 681 954 theologalium
718 904 913 955 tanquam
949 898 1276 949 tundamentum,
1301 911 1406 955 quae
1441 903 1655 954 patrantur
1676 897 1727 941 ab
1752 897 1844 941 hae-

223 969 360 1010 reticis
393 972 432 1010 et
464 971 661 1024 apostatis
696 971 732 1011 in
767 982 857 1013 can.
887 969 1059 1023 1325,§
1095 969 1116 1011 2
1152 968 1385 1023 declaratis,
1410 974 1532 1026 atque
1565 968 1616 1012 ab
1649 968 1752 1022 aliis,
1777 971 1845 1026 qui

221 1037 404 1081 haeresis
437 1044 505 1081 aut
539 1043 770 1095 apostasiae
805 1042 1025 1096 participes
1059 1041 1175 1091 liunt,
1209 1046 1246 1082 et
1281 1046 1420 1083 contra
1463 1040 1668 1082 um'latem
1705 1039 1844 1083 Eccle-

221 1109 407 1163 siae,cui
443 1110 720 1153 adversantur
754 1115 837 1153 tum
873 1110 1125 1154 schismatici
1158 1125 1230 1154 seu
1262 1111 1497 1154 scindentes
1529 1124 1635 1163 eam„
1659 1116 1743 1154 tum
1779 1111 1845 1154 alii

220 1179 481 1236 aliquatenus
523 1181 734 1224 schismati
779 1182 980 1225 faventes.
1014 1208 1065 1212 —
1102 1182 1390 1238 Principaliter
1431 1182 1719 1240 delinquentes
1757 1196 1846 1239 per-

220 1251 331 1293 cellit
364 1264 453 1296 can.
490 1252 617 1305 22:314,
651 1253 748 1295 dum
794 1258 1006 1308 suspectos
1040 1253 1089 1296 de
1123 1253 1283 1296 haeresi
1331 1256 1557 1310 compescit
1595 1266 1683 1297 can.
1721 1254 1846 1296 ³2:315.

219 1321 496 1365 Secundarios
530 1322 819 1380 delinquentes
852 1324 900 1366 ad
937 1336 1124 1366 normam
1162 1325 1439 1380 inscriptionis
1471 1323 1547 1367 sub
1579 1329 1710 1381 seqq.⁵
1742 1329 1849 1367 can.s

222 1405 377 1448 poenae
411 1393 706 1443 decernuntur,
731 1400 768 1437 et
794 1397 830 1437 in
856 1407 945 1437 can.
972 1395 1083 1437 {1316
1121 1399 1306 1451 respectu
1342 1394 1538 1448 haeresis,
1557 1397 1596 1438 in
1620 1408 1708 1439 can.
1736 1395 1846 1438 ‘2317

220 1462 273 1506 ob
306 1463 445 1507 salsam
481 1465 727 1510 doctrinam.
763 1479 840 1508 non
878 1465 1106 1508 formaliter
1140 1465 1403 1510 haereticam.
1429 1479 1519 1510 can.
1544 1465 1657 1509 2318
1681 1469 1847 1523 respicit

221 1533 420 1577 librorum
457 1536 696 1587 editionem,
721 1550 765 1579 ac
800 1537 968 1579 demum
1003 1549 1094 1580 can.
1116 1537 1226 1580 2319
1261 1537 1425 1580 diversa
1461 1537 1612 1581 delicta
1637 1540 1675 1580 in
1702 1551 1744 1580 re
1769 1550 1848 1580 ma-

222 1606 459 1659 trimoniali,
508 1620 684 1664 quorum
734 1608 870 1665 aliqua
920 1611 1196 1665 suspicionem
1248 1609 1298 1651 de
1346 1608 1507 1652 haeresi
1554 1610 1846 1652 secuml'erunt.

222 1676 467 1720 Huiusmodi
503 1681 723 1736 praecipua
759 1680 907 1722 delicta
942 1694 1107 1736 semper
1130 1680 1313 1723 Ecclesia
1347 1685 1406 1723 est
1441 1685 1702 1737 persequuta,
1726 1686 1848 1737 atque

222 1747 355 1791 iocum
393 1753 688 1793 nanciscuntur
721 1753 759 1793 in
794 1749 879 1794 Lib.
915 1750 942 1791 V
976 1750 1306 1794 authenticarum
1343 1750 1638 1794 Collectionum
1672 1750 1748 1795 sub
1782 1765 1847 1794 ru-

221 1818 369 1863 bricis:
409 1820 511 1863 «De
546 1821 809 1865 haereticis»
838 1835 884 1866 ac
914 1822 1013 1865 «De
1046 1822 1321 1865 schismaticis
1346 1838 1384 1863 )).
1413 1822 1569 1865 Poenae
1602 1827 1739 1865 autem
1766 1822 1850 1878 plu-

222 1891 336 1934 ribus
370 1893 406 1933 in
444 1891 556 1946 iocis,
591 1895 713 1936 etiam
749 1898 866 1936 extra
901 1893 988 1936 illas
1021 1892 1292 1936 Collectiones
1332 1893 1524 1945 inflictae,
1549 1894 1733 1949 digestae
1755 1898 1848 1936 sunt

219 1974 267 2004 ac
304 1962 530 2018 perpolitae
563 1965 600 2005 in
638 1965 833 2020 praefatis
866 1963 987 2007 huius
1019 1963 1138 2006 Tituli
1176 1964 1346 2020 legibus,

344 2033 437 2075 151.
474 2036 725 2081 Adversus
758 2039 1034 2092 apostatas,
1053 2038 1330 2081 haereticos
1354 2039 1402 2081 et
1425 2037 1766 2081 schismaticos
1790 2039 1848 2078 est

221 2104 379 2147 directe
423 2105 613 2148 conditus
647 2120 737 2148 ean.
772 2107 903 2149 9314.
939 2107 966 2163 ἐ
1000 2109 1032 2149 1.
1074 2104 1223 2148 Omnes
1257 2105 1522 2149 distributive
1555 2121 1578 2148 a
1612 2105 1848 2148 christiana

221 2174 317 2230 fide,
349 2187 454 2232 quae
488 2181 546 2218 est
576 2192 597 2216 α
620 2176 761 2220 divina
796 2184 831 2220 et
868 2177 1069 2220 catholica
1094 2193 1115 2217 ›>
1139 2178 1246 2232 (can.
1276 2177 1399 2230 1323,
1424 2178 1451 2235 ᾗ
1480 2176 1531 2233 t),
1557 2183 1595 2220 et
1621 2190 1692 2233 per
1724 2189 1846 2233 quam

226 2262 248 2286 «
272 2246 398 2289 corde
431 2247 616 2289 creditur
648 2247 697 2290 ad
734 2250 927 2291 iustitiam
954 2264 975 2288 »
1012 2249 1075 2297 (ad
1100 2248 1213 2291 Rom.
1236 2247 1282 2292 X.
1310 2248 1392 2298 10),
1417 2253 1652 2305 apostatae,
1674 2261 1745 2290 seu
1779 2250 1847 2304 qui

225 2333 248 2356 «
272 2316 322 2359 ab
357 2316 422 2359 illa
459 2317 638 2360 totaliter
674 2319 914 2361 recedunt»
955 2319 1062 2375 (can.
1098 2318 1221 2363 1325.
1259 2321 1282 2371 ’ξ
1318 2318 1358 2374 2)
1394 2321 1516 2361 etiam
1556 2322 1769 2361 «externe
1802 2330 1848 2361 ac

219 2401 314 2430 cum
353 2388 494 2431 morali
520 2388 835 2445 imputabiiitate
854 2406 894 2437 »,
921 2395 1058 2446 utpote
1082 2389 1381 2447 delinquentes,
1407 2402 1513 2446 quae
1547 2390 1749 2445 apostasia
1774 2401 1844 2445 ap-

225 2458 399 2513 pellatur
435 2462 560 2502 mixta
596 2461 703 2516 apud
742 2461 985 2515 moralistas,
1019 2466 1141 2518 atque
1182 2460 1281 2504 haec
1329 2460 1464 2503 valent
1508 2473 1673 2518 quoque
1705 2460 1755 2503 de
1788 2473 1848 2503 se-

221 2529 457 2585 quentibus.
484 2544 653 2587 nempe:
690 2537 727 2573 el
751 2545 890 2574 omines
913 2531 1177 2575 distributive
1201 2532 1451 2588 additurque
1474 2536 1513 2573 e!
1534 2530 1695 2588 si'nyuli
1717 2547 1738 2571 «
1761 2533 1849 2588 qni-

224 2600 483 2657 buscumque
518 2602 754 2645 nominibus
786 2607 1053 2646 censeantur:
1090 2604 1212 2645 iacies
1236 2603 1404 2659 quidem
1429 2603 1617 2645 diversas
1641 2601 1851 2654 habentes,

221 2671 292 2713 scd
328 2671 481 2714 caudas
515 2672 562 2714 ad
602 2674 778 2715 invicem
815 2672 1041 2728 colligatas,
1076 2674 1170 2729 quia
1206 2672 1256 2715 de
1293 2675 1473 2715 vanitate
1515 2674 1768 2715 conveniunt
1814 2674 1850 2713 in

224 2741 401 2797 idipsum
428 2758 446 2782 »
473 2743 500 2795 ¹,
524 2755 543 2784 a
586 2742 801 2797 haeretiei,
831 2743 1043 2786 videlicet:
1081 2745 1148 2800 qui
1174 2759 1191 2783 <‹
1219 2748 1307 2799 post
1341 2748 1552 2799 receptum
1590 2741 1854 2798 baptismum,

343 2897 352 2916 ¹
382 2896 471 2940 Cap.
507 2896 557 2932 13,
587 2896 676 2929 «De
703 2896 943 2930 haereticis»
973 2897 1011 2930 in
1042 2897 1156 2930 Cone.
1188 2897 1386 2936 Generali,
1416 2897 1494 2929 Tit.
1525 2896 1558 2937 7,
1588 2894 1670 2930 Lib.
1698 2894 1740 2926 V.
