1981 3182
1679 0 1975 41 ²‘”⁷''W

1847 23 1862 30 n

208 151 277 184 235
579 150 662 184 Lus.
683 150 728 183 V.
750 170 760 175 -
782 150 891 184 PARS
909 150 980 183 111.
1004 170 1016 175 -
1036 150 1094 185 De
1105 153 1244 195 poenis
1263 153 1301 184 in
1322 152 1463 185 delicta
1512 151 1605 186 Can.
1632 151 1836 187 2342-‘2343

210 283 248 313 n.
274 270 326 324 1⁰,
349 270 572 326 prirentur
604 269 645 326 a)
679 270 818 327 officio
851 273 993 314 stricto
1025 284 1147 314 sensu
1172 270 1281 326 (can.
1303 271 1417 328 145).
1442 271 1479 314 si
1501 271 1611 329 qnod
1643 270 1836 326 habeant,

210 340 253 397 b)
277 346 315 383 e!
341 354 432 383 voce
455 341 591 383 activa
615 347 653 383 el
673 342 859 399 passiva.
882 342 1012 385 l'oena
1038 343 1311 385 determinata
1337 346 1376 386 et
1399 345 1675 399 praeceptivis
1699 342 1838 387 verbis

210 411 333 455 edita.
369 411 483 468 (Can.
518 414 585 455 cit.
622 415 659 454 in
696 414 775 455 tine
810 426 945 469 praec.
980 413 1104 470 can).

158 476 165 483 ’
328 484 375 525 3⁰
408 481 617 526 illom'ales
649 486 790 527 stricto
824 497 960 537 sensu,
993 487 1097 527 sicut
1132 485 1286 527 dictum
1321 489 1381 527 est
1416 488 1452 527 iu
1487 497 1577 528 can.
1611 485 1789 540 citando,
1819 498 1840 527 e

211 552 410 595 clausura
447 553 667 610 illeyi'nme
700 560 897 597 exeuntes
930 561 1078 599 eontra
1110 555 1421 612 prae-scriplum
1456 569 1547 598 ean.
1570 557 1658 598 601
1683 554 1836 598 ibidem

211 623 477 680 explicatum,
502 637 551 667 ex
587 638 666 682 qua
702 628 895 669 c2tatione
932 626 1142 669 videretur
1175 628 1457 682 argumentari
1493 626 1625 682 logice
1658 628 1841 669 omissio-

214 708 306 738 nem
339 697 479 751 scripti
516 698 810 752 recognitionis
854 697 1039 753 periculi,
1079 713 1097 737 «
1122 697 1287 753 quando
1323 702 1484 753 tempus
1503 701 1707 753 suppetat
1729 712 1749 737 »
1789 709 1838 738 ex

211 764 257 823 ἑο
293 764 348 819 2⁰,
385 767 521 809 facere
555 765 815 823 illegitimum
850 769 1005 810 exitum
1041 770 1077 810 in
1115 770 1322 824 praesenti
1354 780 1512 810 canone
1549 769 1737 823 punitum
1769 779 1839 809 ex-

213 839 591 880 communicatione
626 837 731 880 latae
764 840 992 881 sententiae
1015 839 1108 881 Sodi
1133 838 1395 894 Apostolicae
1428 839 1672 895 simpliciter
1709 850 1842 880 reser-

217 912 325 950 vata.
347 908 424 951 Sed
453 909 681 965 respondeo
707 909 963 952 retinendam
999 912 1242 952 sententiam
1278 912 1506 966 oppositam
1532 909 1586 953 ibi
1613 907 1841 965 probatam,

214 981 308 1036 quia
346 979 535 1022 monialis
578 981 723 1022 exiens
765 982 853 1023 sine
886 979 954 1022 illo
986 982 1139 1036 scripto
1185 983 1353 1036 praexio
1388 978 1599 1024 Ordinarii
1637 979 1728 1032 loci,
1762 992 1841 1021 non

215 1051 310 1104 facit
344 1056 486 1093 contra
527 1053 826 1107 praescriptum
872 1053 1055 1102 canonis,
1089 1064 1136 1093 eo
1168 1051 1276 1108 quod
1311 1065 1448 1102 causa,
1485 1056 1526 1094 ut
1559 1053 1841 1107 supponimus,

214 1120 366 1174 subest,
404 1135 477 1164 nec
513 1121 676 1164 licentia
701 1119 912 1166 Ordinarii
938 1136 986 1165 ex
1015 1121 1081 1164 illo
1115 1124 1268 1178 scripto
1305 1125 1508 1178 provenit,
1532 1121 1601 1165 scd
1638 1123 1715 1164 hoc
1746 1134 1842 1164 con-

216 1194 316 1234 tinet
348 1192 474 1235 solam
510 1194 836 1249 recognitionem
872 1206 1022 1235 causac
1057 1206 1135 1235 non
1172 1196 1444 1236 necessariam
1473 1207 1546 1249 pro
1571 1206 1753 1249 egressu,
1772 1191 1842 1234 sed

216 1276 266 1305 ne
301 1262 362 1306 lex
400 1265 573 1319 privatis
609 1266 793 1319 personis
828 1267 1007 1307 remittat
1043 1264 1240 1307 iudicium
1276 1265 1326 1307 de
1362 1267 1487 1320 ipsius
1525 1266 1754 1307 existentia.

337 1334 434 1377 181.
471 1337 786 1392 Privilegium
822 1337 1028 1382 canonis
1059 1338 1105 1381 in
1138 1340 1245 1382 tota
1282 1339 1387 1382 eius
1424 1337 1757 1392 amplitudine.
1789 1359 1846 1364 —

217 1402 322 1457 Quia
358 1408 394 1448 in
429 1409 615 1462 sequenti
650 1419 739 1450 can.
774 1406 958 1450 adhibita
1000 1413 1057 1450 est
1102 1408 1245 1450 eadem
1291 1406 1474 1450 clausula
1519 1419 1625 1464 quae
1658 1406 1709 1449 ab
1742 1407 1844 1448 auti-

217 1478 373 1532 quitate
407 1477 624 1520 derivatur
658 1491 729 1532 pro
764 1480 933 1521 canonis
979 1478 1212 1534 prixilegio,
1246 1478 1372 1521 altera
1417 1480 1565 1521 omissa
1603 1470 1847 1520 «suadente

218 1547 426 1590 diabolo»
457 1553 596 1604 utpote
621 1551 920 1602 innecessaria;
958 1549 1132 1592 tenenda
1168 1554 1227 1592 est
1263 1551 1545 1605 interpretatio
1579 1547 1845 1605 probatorum

219 1618 445 1661 Auctorum
481 1619 529 1662 ad
566 1633 751 1662 normam
787 1633 877 1663 can.
900 1621 936 1662 6.
967 1636 987 1660 α
1013 1620 1055 1662 20
1079 1619 1266 1664 Cannues
1289 1623 1356 1676 qui
1383 1623 1444 1663 ius
1471 1625 1588 1663 vetus
1612 1633 1661 1662 ex
1688 1622 1847 1674 integro

220 1689 402 1732 referunt
437 1703 485 1732 ex
524 1692 676 1733 veteris
719 1693 820 1734 iuris
861 1694 1118 1746 auctoritate,
1153 1697 1276 1747 atque
1312 1692 1402 1734 ideo
1436 1706 1483 1734 ex
1521 1693 1696 1747 receptis
1737 1691 1844 1747 apud

220 1759 412 1814 probatos
455 1766 645 1804 auctores
688 1761 1097 1818 interpretationilius
1138 1767 1229 1804 sunt
1276 1763 1551 1805 aestimandi:
1585 1762 1628 1804 30
1661 1760 1849 1805 Canones

220 1832 288 1886 qui
324 1844 371 1872 ex
410 1836 524 1887 parte
557 1837 714 1874 tantum
760 1846 852 1875 cum
903 1835 1029 1875 veteri
1076 1835 1163 1875 iure
1206 1838 1451 1888 congruunt,
1487 1845 1567 1889 qua
1601 1837 1847 1888 congruunt,

220 1914 268 1942 ex
315 1903 402 1944 iure
451 1904 620 1960 antiquo
669 1903 912 1946 aestimandi
963 1909 1085 1955 suut;
1135 1916 1213 1960 qua
1263 1904 1513 1960 discrepant,
1546 1909 1637 1946 suut
1682 1917 1730 1946 ex
1775 1915 1849 1945 sua

222 1973 402 2027 ipsorum
447 1975 651 2017 sententia
693 1974 948 2017 diiudicandi
974 1990 1013 2016 ».
1050 2000 1100 2004 —
1141 1973 1352 2017 Gradatim
1399 1987 1550 2030 poenas
1592 1976 1731 2017 statuit
1778 1988 1849 2030 pro
1908 2032 1911 2034 q

222 2042 512 2087 ecclesiasticis
555 2044 753 2101 gradibus
797 2058 1064 2101 personarum
1105 2059 1195 2087 ean.
1230 2046 1367 2089 9343.
1402 2045 1430 2103 ἓ
1467 2047 1499 2087 l.
1540 2044 1622 2098 Qui
1654 2044 1847 2102 (verbum

222 2114 434 2170 generale)
470 2114 672 2157 violentas
712 2130 872 2166 numus,
908 2129 979 2172 per
1021 2129 1127 2173 quae
1175 2115 1298 2158 vei-na
1346 2130 1421 2158 uon
1470 2121 1624 2158 tantum
1669 2118 1853 2159 actiones

226 2197 419 2227 manuum
445 2186 515 2228 sed
541 2199 843 2243 quaecumque,
864 2192 981 2243 prout
1007 2186 1082 2230 hae
1106 2192 1371 2242 opponuntur
1407 2186 1642 2230 verbalibus
1676 2188 1850 2241 iniuriis,

223 2256 507 2312 designantur,
531 2257 758 2300 dummodo
793 2258 996 2300 violentae
1019 2260 1097 2300 sint
1124 2262 1290 2313 propter
1315 2257 1554 2313 implicitam
1593 2260 1782 2301 iniuriam
1810 2258 1850 2299 in
1977 2242 1981 2292 l

220 2339 459 2382 personam,
484 2340 562 2370 non
600 2330 636 2369 in
673 2331 760 2370 eius
793 2328 971 2384 effigiem
1011 2328 1071 2371 vel
1109 2330 1330 2383 imaginem
1371 2328 1431 2371 vel
1467 2329 1660 2383 cadaxer,
1689 2327 1752 2371 vel
1788 2342 1853 2371 res

226 2398 353 2452 ipsius
390 2412 425 2438 r.
451 2412 511 2449 gr.
548 2401 584 2440 in
621 2398 828 2445 thronum,
867 2404 1000 2442 vestes
1035 2398 1214 2455 papales,
1249 2401 1323 2441 nisi
1359 2400 1524 2456 (plaudo
1561 2404 1728 2455 propter
1761 2413 1853 2442 con-
1976 2384 1981 2403 ⁵

226 2470 491 2521 iunctionem,
532 2471 569 2511 iu
614 2469 844 2513 Romanum
893 2469 1128 2512 Pontiticem
1176 2468 1227 2512 ibi
1271 2469 1497 2516 sedentem,
1545 2469 1605 2512 liis
1649 2470 1851 2521 indutum,
1975 2464 1981 2483 l

227 2539 507 2582 redundarent
541 2540 766 2583 oft'ensixae
809 2543 1016 2592 actiones3
1064 2553 1236 2596 persona
1272 2539 1452 2583 Romani
1488 2539 1699 2596 Pontificis
1731 2540 1853 2583 debet

226 2612 356 2665 accipi
384 2613 547 2666 proprie
580 2624 651 2654 seu
688 2611 869 2668 physice,
891 2624 996 2668 quae
1022 2610 1211 2654 manibus
1233 2614 1442 2654 attrectari
1468 2617 1613 2668 potest,
1636 2611 1706 2654 sed
1734 2616 1853 2667 prout

227 2680 425 2736 dignitate
459 2681 617 2724 Summi
653 2681 917 2725 Pontilicatus
950 2686 1093 2724 ornata
1128 2680 1275 2724 violari
1309 2686 1451 2737 potest,
1488 2686 1571 2724 turn
1608 2684 1646 2724 in
1680 2693 1854 2737 corpore

227 2751 362 2808 quoad
404 2751 728 2794 incolumitatem
767 2766 803 2793 v.
838 2766 898 2808 gr.
935 2753 1233 2799 interfectione,
1268 2751 1537 2806 mutilatione,
1576 2754 1851 2809 percussione,

229 2827 313 2864 tum
350 2823 386 2863 in
424 2821 613 2865 libertate
647 2822 816 2879 physica
854 2836 889 2865 v.
915 2836 975 2879 gr.
1001 2826 1204 2879 captione,
1231 2825 1569 2878 incarceratione,
1603 2822 1851 2871 detentione,
1973 2803 1981 2831 ¹

231 2898 314 2934 tum
352 2895 389 2935 in
423 2895 511 2935 eius
544 2892 742 2948 dignitate
770 2906 805 2937 v.
831 2907 890 2950 gr.
919 2907 990 2950 per
1023 2893 1211 2936 hostilem
1248 2895 1579 2949 insequutionem
1615 2892 1852 2949 physicam,
1974 2851 1981 2936 l

1970 2956 1981 3043 l
