1981 3182
146 112 239 148 Can.
258 112 462 147 2227-2228
512 114 596 148 ΤιΤ.
618 114 684 148 VI.
702 135 714 140 ·
733 115 790 149 De
806 116 973 150 subiecto
991 119 1180 152 coactivcze
1195 119 1376 161 potestati
1395 118 1559 151 obnoxio
1725 117 1770 152 71

147 233 450 275 commissionis
482 233 757 288 Apostolicae,
781 234 889 291 quod
926 233 1003 277 hoe
1036 237 1204 290 possint,
1228 237 1488 278 contineatur
1515 249 1709 292 expresse
1731 252 1770 277 ³).

147 300 231 344 Nee
265 304 413 344 mirum
450 316 538 345 esse
562 302 683 346 debet
707 302 870 347 Codicis
906 307 1220 360 praescriptum,
1261 321 1282 345 «
1305 318 1396 348 cum
1433 318 1453 348 a
1490 308 1667 358 nemine,
1696 308 1771 349 nisi

147 383 167 413 a
203 370 387 414 Romano
423 371 618 415 Pontitice
646 373 705 429 (S.
739 372 783 416 R.
821 372 863 415 Ε.
899 373 1156 430 (jardinales)
1192 374 1427 417 iudicentur
1452 391 1490 428 )),
1514 377 1616 418 sicut
1643 377 1774 432 inquit

147 441 357 497 Eugenius
391 441 441 484 lY
477 445 514 485 in
549 456 611 499 ep.
651 459 670 483 «
695 442 781 485 Non
819 443 1017 486 mediocri
1043 460 1064 483 »
1094 444 1120 497 ¹,
1145 450 1183 487 et
1206 446 1244 488 5.
1282 444 1358 487 Leo
1383 444 1433 487 lx
1463 448 1498 487 in
1535 459 1598 501 ep.
1628 462 1647 486 ((
1672 445 1771 489 Cum

147 525 195 554 ex
236 513 537 556 venerabilium
568 532 582 551 »
614 512 628 534 ²
661 514 799 557 dicat:
839 529 861 554 c<
884 513 971 557 Hoc
1005 520 1141 557 autem
1187 515 1279 557 nolo
1318 529 1389 557 ros
1424 516 1557 564 lateat,
1592 529 1669 559 non
1706 517 1773 559 de·

149 581 245 626 bere
281 588 444 639 praeter
474 587 719 627 sententiam
745 584 919 627 Romani
957 584 1204 629 l'ontilicis...
1241 588 1456 641 episcopos
1484 586 1671 629 damnari
1710 587 1771 629 vel

147 654 297 708 deponi
323 669 362 705 )),
385 654 535 711 quibus
559 654 811 697 concordant
837 654 1008 697 Decreta
1034 653 1205 698 Concilii
1230 655 1455 698 Tridentini
1482 655 1509 697 ³.

265 723 293 780 ξ
315 726 356 766 2.
381 723 477 769 Nisi
509 738 705 782 eoepresse
738 725 1008 767 nominenlm·
1033 739 1103 781 per
1127 739 1269 767 eorum
1295 726 1555 781 dignitatem,
1580 727 1618 767 S.
1648 726 1698 770 H.
1724 725 1774 771 E.

150 793 404 837 Cardinales
438 794 588 838 habent
625 795 700 837 lioc
737 795 1002 852 privilegium
1037 801 1177 839 contra
1214 810 1303 839 can.
1344 796 1392 839 13
1428 800 1451 844 §¹
1480 797 1512 841 l.
1549 797 1656 854 quod
1704 796 1775 839 suh

148 864 237 921 [eye
268 864 451 922 qualibet
483 865 656 923 poenali
679 878 760 923 qua
796 866 879 920 tati,
901 880 978 909 non
1016 869 1094 909 iam
1135 867 1269 924 quoad
1310 870 1390 909 rim
1416 867 1678 912 directiram.
1717 870 1774 909 vi-

148 935 325 979 delicet:
360 935 437 979 sub
470 936 699 979 canonibus
746 937 874 979 Partis
907 939 1053 980 tertiae
1096 937 1205 980 Libri
1242 937 1363 981 liuius
1398 952 1475 980 non
1512 937 1773 995 compreleen

148 1006 319 1059 duntur,
355 1020 428 1049 nec
460 1005 660 1064 Episcopi
694 1012 773 1049 tam
813 1008 1111 1060 residentiales,
1144 1021 1267 1065 quam
1304 1008 1503 1052 titulares.
1528 1008 1600 1051 sub
1629 1009 1777 1066 poenis

150 1077 465 1121 medicinalibus
483 1083 549 1121 aut
580 1078 845 1121 vindicatiris
868 1078 984 1120 [alae
1006 1079 1253 1131 sententiae,
1280 1093 1351 1135 per
1374 1092 1683 1136 ‹piamcumque
1707 1091 1776 1122 au-

147 1151 379 1191 ctoritatem
417 1148 509 1192 illae
542 1152 621 1192 sint
661 1154 837 1192 statutae
873 1152 910 1191 in
949 1149 1122 1205 legibus,
1158 1150 1385 1193 dummodo
1419 1150 1707 1204 suspensionis
1741 1156 1779 1192 e!

149 1218 382 1272 inlerdicti,
415 1234 562 1275 nempe
595 1220 765 1262 alterius
800 1223 944 1262 utrius.
971 1219 1027 1263 De
1053 1221 1197 1263 iisdem
1235 1223 1376 1276 poenis
1400 1226 1435 1263 et
1461 1221 1551 1263 aliis
1585 1220 1778 1263 ferendae

148 1292 390 1343 sententiae,
432 1290 737 1347 quantumlibet
771 1290 847 1333 sul)
884 1290 1027 1333 iisdem
1065 1296 1295 1345 teneantur,
1329 1292 1378 1333 ad
1407 1291 1677 1334 incurrendas
1711 1303 1779 1333 eas

152 1362 384 1403 necessaria
419 1366 525 1403 esset
571 1361 755 1410 inllictio,
790 1374 896 1417 quae
935 1364 1141 1403 «nonnisi
1177 1374 1196 1403 a
1239 1361 1421 1404 Romano
1462 1362 1655 1404 l'ontilicc
1690 1362 1777 1404 lieri

153 1435 328 1486 potest»
367 1445 414 1473 ex
449 1431 476 1488 ξ
512 1431 567 1477 1⁰,
605 1431 677 1474 Hic
712 1435 770 1485 ξω
806 1432 863 1474 2¹¹³
897 1446 917 1475 6
954 1434 1152 1475 memoria
1189 1446 1266 1474 non
1302 1433 1480 1485 excidat,
1502 1438 1541 1475 ut
1578 1437 1687 1475 recte
1723 1435 1780 1474 in-

153 1506 431 1557 terpretentur
454 1514 633 1545 canones
658 1503 850 1558 poenales
875 1505 911 1545 in
938 1503 1225 1559 designatione
1251 1516 1519 1559 personarum
1551 1519 1571 1543 «
1596 1517 1667 1559 pro
1691 1505 1780 1560 qui-

154 1571 228 1615 lius
260 1571 449 1626 (eaedem
487 1573 615 1629 leges)
650 1574 771 1616 datae
804 1579 897 1616 sunt
921 1589 943 1614 ))
982 1574 1091 1631 (can.
1132 1575 1196 1629 13,
1228 1575 1255 1632 ᾗ
1294 1574 1345 1630 t).

270 1641 326 1686 De
361 1643 488 1686 altera
525 1647 766 1700 praescripti
804 1650 918 1700 parte
959 1647 1157 1688 rationem
1197 1647 1315 1688 allert
1351 1646 1485 1691 lnnoc.
1523 1644 1571 1688 tv
1606 1648 1643 1688 in
1677 1644 1778 1689 Con-

151 1712 245 1756 cilio
271 1712 530 1769 Lugdonensi
557 1714 598 1757 ⁴:
639 1730 657 1754 «
683 1716 787 1769 Quia
814 1715 1092 1771 periculosum
1119 1721 1177 1759 est
1203 1719 1407 1773 episcopis
1431 1722 1468 1759 ct
1493 1730 1635 1759 eorum
1661 1728 1781 1771 supe-

152 1783 329 1827 rioribus
362 1790 529 1841 propter
551 1788 840 1829 executionem
878 1786 1125 1842 pontificalis
1157 1788 1296 1841 oflicii,
1328 1788 1436 1845 quod
1464 1789 1702 1844 frequenter
1727 1788 1780 1828 in·

151 1853 320 1905 cambit,
348 1861 389 1898 ut
425 1858 462 1898 in
497 1856 636 1913 aliquo
670 1870 767 1900 casu
805 1858 1012 1900 interdicti
1042 1858 1103 1901 rel
1129 1861 1411 1914 suspensionis
1446 1861 1659 1901 incurrant
1691 1870 1780 1900 sen-

153 1927 320 1968 tentiam
357 1928 444 1982 ipso
480 1928 614 1970 facto:
640 1927 721 1970 Nos
745 1927 1046 1971 deliberatione
1082 1930 1254 1985 provida
1280 1929 1477 1971 duximus
1499 1928 1780 1982 statuendum,

153 2001 192 2038 ut
217 1998 396 2053 episcopi
423 1997 546 2040 etalii
572 2001 809 2054 superiores
834 1999 1019 2055 praelati,
1046 1999 1198 2042 nullius
1221 2002 1525 2042 constitutionis
1549 2001 1779 2053 occasione,

150 2069 377 2111 sententiae
410 2070 498 2111 six-e
533 2070 731 2122 mandati,
766 2071 1022 2126 praedictam
1059 2074 1273 2113 incurrant
1305 2073 1550 2113 sententiam
1579 2069 1782 2112 ullatenus

152 2139 238 2194 ipso
273 2140 388 2182 iure:
423 2138 507 2182 Nisi
555 2142 591 2182 in
629 2143 727 2196 ipsis
760 2141 811 2183 de
849 2143 1054 2197 episcopis
1087 2154 1283 2197 expressa
1327 2144 1480 2183 mentio
1516 2140 1780 2184 habeatur».

270 2210 337 2253 48.
365 2212 771 2268 Delictumelegis
804 2227 968 2269 poena
1002 2214 1286 2258 mulctatum
1320 2215 1507 2268 apprime
1531 2212 1781 2255 determinat

152 2283 189 2323 in
224 2294 378 2337 genere
413 2296 505 2324 can.
538 2284 677 2325 2228.
703 2281 837 2325 Poena
883 2282 1091 2340 quaelibet
1127 2282 1216 2340 lege
1249 2285 1458 2326 communi
1505 2282 1566 2325 vel
1605 2285 1782 2338 particu-

136 2351 224 2400 ,lari
259 2357 422 2394 stolata
457 2367 535 2395 non
576 2354 814 2396 inem-ritm-
838 2356 924 2410 ipso
946 2356 1050 2397 l'acto
1074 2354 1135 2396 rel
1162 2359 1247 2409 post
1272 2356 1516 2397 sententiam
1552 2353 1780 2406 subeunda,

152 2422 236 2465 nisi
268 2421 464 2465 delictam
500 2437 545 2467 ea
573 2424 836 2480 plectendum
863 2424 995 2474 l'zterit
1031 2424 1070 2466 in
1096 2438 1169 2467 sno
1199 2438 1352 2481 qenere
1376 2429 1458 2467 tam
1483 2424 1622 2467 delicti
1656 2436 1780 2481 quam

150 2496 343 2550 specialis
377 2497 717 2550 transgressionis
747 2494 979 2552 perfectum
1004 2509 1075 2537 seu
1103 2494 1258 2538 liabens
1291 2508 1435 2537 omnes
1460 2495 1718 2537 conditiones
1743 2497 1780 2537 in

151 2564 298 2607 eodem
336 2567 555 2622 requisitas
588 2564 813 2607 seeundum
846 2566 1151 2622 propre'elalem
1189 2565 1403 2608 verborum
1443 2568 1626 2608 omnium
1663 2565 1782 2621 leqis,

152 2647 257 2691 quae
291 2634 515 2692 aliquando
540 2649 617 2677 non
653 2639 793 2678 evenit
817 2639 940 2679 etiam
968 2641 1055 2692 post
1091 2638 1146 2678 rei
1182 2638 1385 2679 actionem
1416 2636 1477 2679 vel
1502 2638 1782 2688 omissionem,

272 2767 280 2786 ¹
310 2765 384 2799 An.
417 2766 520 2803 1439,
550 2769 569 2806 ξ
600 2766 652 2798 14.
696 2785 739 2790 —
777 2765 791 2787 '2
820 2766 861 2800 17
889 2766 979 2799 Dec.
1014 2765 1115 2805 1053,
1145 2769 1164 2807 ἓ
1189 2766 1223 2800 4.
1266 2786 1308 2791 -
1347 2767 1361 2787 3
1389 2765 1490 2800 Sess.
1517 2766 1615 2799 XIII
1642 2765 1687 2798 de
1714 2764 1783 2798 ref.

153 2823 235 2856 cap.
256 2813 279 2846 8
297 2820 338 2846 et
356 2823 450 2846 sess.
480 2812 614 2846 XXtV
634 2813 678 2845 de
698 2812 766 2845 ref.
797 2825 880 2857 cap.
910 2815 942 2847 5.
975 2833 1016 2839 —
1043 2814 1055 2836 ⁴
1076 2813 1163 2857 Cap.
1185 2815 1206 2846 4
1232 2828 1244 2842 α
1265 2813 1311 2847 de
1337 2813 1538 2847 sententia
1565 2823 1782 2846 excommu-

153 2859 388 2903 nicationis,
409 2866 472 2893 etc
490 2872 522 2895 >›.
542 2860 602 2902 (V,
627 2861 684 2903 11)
705 2860 745 2893 in
764 2861 813 2893 00.
