1981 3182
151 149 224 184 232

520 149 604 183 Lus.
628 149 672 182 V.
703 169 713 174 -
734 149 843 183 PARS
862 149 932 183 III.
954 170 967 175 -
985 149 1042 185 De
1053 153 1190 195 poenis
1210 153 1252 184 in
1268 151 1408 185 delicta

1563 151 1655 187 Can.
1682 151 1776 187 2340

154 269 194 325 b)
228 284 253 311 α
287 269 551 312 contumacia
584 283 666 312 nori
698 270 934 323 recesserit,
956 275 1123 327 propter
1155 271 1264 328 quod
1304 271 1550 315 «absolutio
1584 272 1779 330 denegari

155 343 285 395 potest
308 355 329 379 η
368 339 474 396 (can.
514 340 640 393 ί2248,

673 340 701 398 3⁸
735 339 791 396 ⁶2),
826 340 937 384 iubet
979 354 1110 384 canon
1155 345 1198 384 ut
1232 341 1440 399 privetur,
1472 348 1638 386 servato
1683 345 1783 386 iuris

152 410 310 460 ordine,
344 410 553 467 beneficiis
586 416 659 453 au!
693 410 846 468 officiis
879 415 1021 455 stricto
1060 426 1181 455 sensu
1227 412 1276 455 ad
1322 426 1509 456 normam
1543 425 1632 458 can.
1667 413 1779 456 1409

151 486 190 524 et
228 481 322 536 145,
357 481 393 523 si
427 495 509 538 qua
551 482 748 525 alterutra
793 482 836 525 in
870 481 1074 534 Ecclesia,
1107 496 1186 539 qua
1229 485 1440 535 societate,
1473 483 1586 541 forte
1619 482 1781 526 haberit.

150 552 189 593 Si
228 565 326 595 vero
377 566 501 595 unum
554 552 802 596 beneficium
852 554 1056 609 possideat
1088 559 1127 597 et
1165 553 1339 597 alterum
1390 554 1540 598 habeat
1586 555 1782 610 officium,

152 628 367 680 postquam
396 637 473 666 uno
499 624 574 666 suit
600 626 800 680 privatus,
828 626 933 668 facta
959 627 1105 668 iterum
1145 628 1381 679 monitione,
1405 628 1438 668 si
1472 625 1608 669 adhuc
1642 628 1783 682 resipi-

151 697 350 737 scentiam
386 694 594 738 distulerit
627 708 700 751 per
732 701 946 753 semestre,
972 701 1014 739 ut
1046 710 1185 753 supra,
1211 696 1334 740 debet
1366 710 1532 754 quoque
1565 697 1694 740 altero
1726 699 1782 739 ot‘-

154 765 247 808 ticio
279 771 349 808 aut
385 765 585 809 beneticio
622 768 793 823 privari.
814 767 846 810 E
870 781 1073 811 converso
1097 768 1321 811 dicendum
1356 773 1416 811 est
1449 781 1786 826 unamquamque

155 838 399 891 privationis
448 849 621 897 poenam
671 851 760 880 esse
809 838 1114 881 extendendam
1160 839 1209 881 ad
1255 841 1392 882 onmia
1431 838 1675 882 «beneficia
1719 844 1789 882 aut

154 907 287 950 officia
312 920 478 964 »‚quae
513 907 605 951 talis
637 908 816 951 clericus
850 908 1013 952 lrabeat.
1047 909 1103 952 lta
1137 912 1246 953 enim
1282 923 1330 952 ex
1368 912 1456 952 iure
1490 912 1787 967 antiquomam

151 976 408 1022 Coelestinus
443 978 529 1021 111¹
564 981 623 1022 sic
668 980 889 1035 respondet
932 980 984 1023 de
1026 980 1178 1024 talibus
1220 981 1408 1024 clericis:
1449 980 1608 1025 «Unde
1642 981 1786 1024 Baran.

152 1050 467 1106 archiepiscopo
501 1049 693 1092 dedimus
728 1052 765 1092 in
803 1051 1024 1106 mandatis
1057 1056 1100 1094 ut
1133 1064 1203 1094 eos
1238 1065 1309 1108 pro
1343 1056 1454 1094 tanta
1490 1053 1715 1108 pertinacia
1750 1056 1790 1094 et

151 1124 389 1176 contemptu
424 1120 675 1177 Apostolico
709 1120 935 1172 beneficiis
974 1134 1081 1180 quae
1115 1121 1266 1165 habent
1292 1122 1481 1178 (nempe2
1526 1122 1652 1178 «illa,
1676 1135 1783 1180 quae

152 1190 388 1234 habuerunt
422 1190 635 1246 beneficia
665 1181 727 1234 vel
753 1204 858 1248 quae
893 1192 1152 1248 postmodum
1189 1197 1283 1235 sunt
1315 1192 1464 1249 adepti
1485 1205 1578 1236 nam
1614 1193 1783 1251 quidam

152 1275 203 1305 ex
228 1263 326 1317 ipsis
347 1264 557 1318 suspensis
579 1227 689 1305 aliud
728 1262 973 1306 beneticium
1009 1263 1337 1307 ecclesiasticum
1361 1268 1454 1306 sunt
1477 1263 1616 1321 adepti
1640 1263 1684 1321 n)
1703 1277 1781 1307 non

153 1332 316 1376 differat
346 1331 524 1389 spoliare
546 1347 585 1376 )).

200 1448 285 1485 CAN.
315 1448 419 1484 2341.

155 1502 250 1542 ptum
278 1508 355 1532 can.
376 1497 438 1531 120
453 1508 558 1532 ausus
588 1499 689 1533 tuerit
715 1499 756 1533 ad
786 1499 935 1534 iudicem

154 1544 311 1579 laicalem
351 1545 487 1579 trahere
516 1545 666 1590 aliquem
695 1556 732 1580 ex
762 1545 797 1579 S.
830 1545 865 1580 tt.
897 1545 932 1580 E.

153 1592 401 1627 Cardinalibus
427 1592 477 1627 vel
507 1591 640 1637 Legatis
667 1593 766 1628 Sedis
793 1594 936 1638 Aposto-

154 1640 251 1683 licae‚
282 1639 332 1674 vel
361 1637 578 1675 Officialibus
606 1640 796 1675 maioribus
816 1640 924 1676 Roma

156 1698 219 1722 nae
247 1685 370 1721 Curiae
396 1687 438 1721 ob
466 1688 604 1732 negotia
637 1688 679 1722 ad
718 1699 837 1722 eorum
867 1699 939 1722 mu-

154 1745 221 1768 nus
262 1734 483 1780 pertinentia,
512 1735 562 1769 vel
594 1733 823 1770 Ortlinarium
864 1746 924 1781 pro

156 1782 282 1828 prium,
309 1782 484 1816 contrahit
512 1782 585 1827 ipso
619 1782 706 1817 sacto
743 1793 939 1817 excommu-

155 1829 366 1863 nicationem
411 1829 489 1863 Sedi
533 1829 751 1875 Apostolicae
797 1830 937 1876 speciali

157 1876 256 1911 modo
283 1881 514 1916 reservatam3
544 1877 570 1910 si
598 1877 707 1912 alium
733 1877 938 1923 Episcopum

155 1925 259 1958 etiam
289 1934 380 1958 mere
408 1923 596 1960 titularem.
618 1929 677 1959 aut
698 1925 865 1959 Abbatem
887 1924 937 1960 vel

158 1971 351 2006 praelatum
379 1970 518 2012 nullius,
548 1971 597 2006 vel
625 1972 777 2017 aliquem
813 1983 852 2007 ex
887 1984 937 2006 su-

157 2018 284 2064 premis
311 2018 520 2063 religionum
560 2018 644 2053 iuris
679 2019 844 2064 pontificii
874 2018 939 2054 Su-

158 2065 364 2111 perioribns,
409 2066 807 2101 excommunicationem
851 2067 940 2102 latae

157 2113 351 2148 sententiae
381 2111 459 2147 Sedi
493 2114 709 2158 Apostolicae
735 2114 941 2159 simpliciter

157 2165 387 2201 reservatam;
426 2160 567 2195 demum
608 2161 649 2201 si,
688 2172 758 2195 non
797 2161 938 2197 obtenta

156 2208 200 2243 ab
227 2206 416 2243 Ordinario
446 2208 506 2242 loci
548 2208 702 2249 licentia,
731 2208 835 2243 aliam
865 2220 939 2254 per-

156 2266 277 2290 sonam
308 2255 486 2300 privilegio
521 2255 582 2290 sori
625 2256 810 2296 fruentem,
840 2256 938 2291 cleri-

157 2314 216 2337 cus
243 2302 383 2347 quidem
412 2302 559 2337 incurrit
599 2303 672 2348 ipso
707 2303 793 2338 facto
821 2303 854 2337 in
884 2315 939 2337 su-

157 2350 380 2402 spensionem
406 2349 450 2384 ab
477 2350 588 2384 officio
614 2361 727 2385 reserv
731 2355 822 2385 atam
842 2350 939 2385 Ordi-

159 2409 190 2431 n·
185 2408 268 2437 trio,
289 2396 397 2431 laicus
422 2402 537 2432 autem
559 2398 722 2442 congruis
743 2398 862 2442 poenis
882 2409 941 2444 pro

158 2445 327 2489 gravitate
365 2444 487 2489 culpae
525 2456 544 2479 ι
585 2445 721 2491 proplio
752 2444 941 2481 Ordinario

161 2492 337 2536 puniatur.

207 2539 290 2573 CAN.
322 2536 426 2572 2342.
456 2559 478 2563 -
507 2538 708 2574 l'lictuntur
741 2540 814 2585 ipso
853 2540 941 2574 facto

159 2585 519 2620 excommunicatione
535 2585 613 2621 Scdi
633 2587 849 2632 Apostolicae
864 2587 944 2621 sim-

162 2633 297 2678 pliciter
323 2638 497 2667 reservata
516 2644 522 2666 ι

259 2681 290 2714 10
309 2680 515 2715 Clausuram
534 2680 741 2715 monialium
759 2681 938 2721 violantes,

160 2727 399 2772 cuiuscunque
424 2727 562 2771 generis
580 2732 639 2762 aut
658 2728 869 2763 conditionis
889 2729 940 2763 vel

160 2786 261 2809 sexus
287 2775 368 2813 sint,
399 2774 432 2808 in
460 2785 578 2809 earum
620 2776 831 2811 monasteria
866 2776 942 2811 siue

284 2906 294 2926 ¹
323 2904 413 2949 Cap.
430 2904 452 2938 8
478 2919 491 2933 α
511 2904 566 2938 De
586 2908 715 2938 aetate
735 2910 773 2938 et
792 2905 983 2949 qualitate
999 2910 1039 2939 et
1053 2905 1188 2940 ordine
1205 2906 1553 2950 praeficiendorum
1569 2921 1581 2935 ›>

444 1469 460 1476 ·
477 1448 511 1485 Si
535 1450 613 1496 quis
631 1455 752 1485 contra
774 1451 936 1497 praescri·
971 1457 974 1459 ’

1011 1452 1165 1497 legitima
1205 1452 1345 1487 licentia
1382 1451 1622 1496 ingrediendo,
1650 1453 1779 1499 pariter

1010 1510 1077 1544 que
1104 1510 1160 1534 eos
1189 1499 1450 1535 introducentes
1475 1499 1526 1535 vel
1545 1499 1789 1537 admittentes;

1010 1548 1100 1592 quod
1129 1547 1155 1581 si
1184 1546 1297 1582 clerici
1328 1547 1409 1589 sint,
1437 1552 1615 1592 praeterea
1647 1559 1792 1594 suspen-

977 1617 980 1620 ·
1011 1597 1139 1629 dantur
1167 1605 1225 1639 per
1247 1599 1385 1640 tempus
1406 1605 1465 1639 pro
1482 1596 1653 1639 gravitate
1671 1596 1792 1641 culpae

1009 1642 1053 1676 ab
1081 1641 1270 1676 Ordinario
1296 1641 1557 1683 definiendum3

1104 1688 1142 1723 ⁶20
1168 1688 1329 1724 Mulieres
1372 1689 1542 1724 violantes
1580 1689 1790 1734 regularium

1012 1736 1163 1771 virorum
1204 1736 1401 1771 clausuram
1429 1741 1462 1771 et
1488 1735 1690 1782 Superiores
1714 1737 1791 1771 alti-

1010 1794 1089 1829 que,
1112 1783 1312 1828 quicunque
1332 1783 1352 1817 ii
1373 1783 1457 1824 sint,
1478 1794 1536 1818 eas
1553 1783 1792 1829 cuiuscunque

1010 1831 1132 1866 aetatis
1160 1831 1419 1866 introducentes
1459 1832 1510 1865 vel
1544 1831 1789 1874 admittentes;

1011 1883 1043 1913 et
1071 1883 1246 1923 praeterea
1273 1878 1424 1922 religiosi
1454 1878 1713 1914 introducentes
1742 1879 1792 1914 vel

1010 1925 1235 1960 admittentes
1276 1925 1455 1970 priventur
1493 1926 1616 1967 oliicio,
1645 1926 1671 1959 si
1700 1926 1791 1971 quod

1012 1973 1174 2011 habeant.
1201 1977 1233 2007 et
1261 1984 1340 2007 voce
1366 1973 1479 2007 activa
1505 1983 1544 2007 ac
1573 1973 1729 2018 passiva:

1107 2020 1144 2053 30
1171 2019 1338 2055 Monialcs
1369 2031 1386 2055 e
1415 2020 1577 2055 clausura
1615 2020 1794 2065 illegitime

1011 2071 1176 2103 exeuntes
1203 2072 1324 2102 contra
1346 2067 1597 2113 praescriptum
1616 2079 1694 2103 can.
1713 2067 1791 2103 601.

1059 2114 1141 2149 CAN.
1157 2113 1262 2150 2343.
1280 2134 1295 2140 -
1313 2118 1332 2156 ἓ
1357 2115 1382 2148 1.
1401 2113 1467 2157 Qui
1485 2115 1652 2150 violentas
1668 2126 1794 2150 manus

1013 2162 1048 2196 in
1066 2173 1246 2207 personam
1264 2161 1414 2196 Romani
1432 2161 1608 2197 pontificis
1624 2163 1792 2198 iniecerit:

1112 2209 1143 2243 10
1172 2208 1573 2245 Excoinmunicationem
1621 2210 1795 2245 contrahit

1013 2256 1101 2291 latae
1135 2257 1330 2292 sententiae
1362 2255 1440 2292 Sedi
1474 2257 1691 2302 Apostolicae
1724 2268 1797 2303 spe-

1012 2303 1202 2338 cialissimo
1223 2304 1325 2338 modo
1343 2309 1574 2347 reservatam3
1601 2310 1633 2340 et
1651 2309 1702 2340 est
1721 2305 1795 2351 ipso

1015 2351 1103 2386 facto
1132 2351 1315 2393 vitandus3

1107 2398 1144 2431 2⁰
1174 2398 1228 2433 Est
1256 2400 1329 2444 ipso
1356 2398 1429 2433 iure
1457 2398 1620 2442 infamis;

1108 2444 1144 2478 3⁰
1171 2444 1325 2480 Clericus
1351 2450 1402 2481 est
1427 2446 1685 2490 degradandus.

1062 2496 1079 2534 ξ
1106 2492 1137 2526 2,
1166 2491 1231 2536 Qui
1263 2493 1297 2527 in
1327 2503 1511 2538 personam
1539 2492 1574 2528 S.
1598 2492 1636 2528 R.
1659 2492 1695 2528 E.
1718 2491 1797 2528 Car·

1013 2539 1141 2575 dinalis
1169 2540 1219 2575 vel
1249 2540 1362 2585 Legati
1393 2539 1538 2575 Romani
1569 2539 1763 2575 Pontificis:

1113 2587 1144 2620 1Ο
1170 2587 1207 2621 ln
1227 2588 1626 2623 excommunicationem
1647 2587 1795 2623 incurrit

1014 2634 1103 2669 latae
1141 2635 1335 2669 sententiae
1361 2633 1440 2670 Sedi
1470 2635 1687 2681 Apostolicae
1724 2646 1796 2680 spe·

1013 2681 1091 2716 ciali
1122 2682 1221 2717 modo
1248 2686 1478 2723 reservatam

1110 2728 1146 2763 ⁸20
1175 2728 1232 2763 Est
1259 2729 1332 2774 ipso
1362 2730 1434 2764 iure
1462 2729 1625 2767 infamis;

1108 2775 1144 2810 30
1173 2776 1328 2811 Privetur
1363 2776 1555 2820 beneficiis,
1583 2776 1716 2820 officiis,
1745 2776 1798 2811 di.

1604 2906 1649 2950 (Ι,
1668 2907 1725 2949 14)
1740 2906 1794 2939 X.
