1981 3182
229 0 307 15 ’,τήν
329 0 332 3 .
378 0 382 1 ⁷
404 3 405 6 ,

0 0 109 123 r..
115 0 134 26 ΙΙ

49 46 61 65 ⁷⁵1

0 154 13 162 w

147 144 241 180 Can.
268 142 472 178 2261-2262
555 142 639 176 T1'r.
669 142 774 176 VIII.
793 162 805 167 -
824 141 880 176 De
899 144 1037 186 poenis
1063 143 1358 176 medicinalibus
1700 142 1769 176 135

266 263 507 320 Explicatur
554 264 690 306 statim
735 260 918 305 clausula
958 260 1116 304 «salvo
1167 263 1419 317 praescripto
1466 262 1553 314 §3
1580 278 1615 315 »‚
1659 261 1768 318 quod

149 340 366 392 propterea
400 335 543 390 incipit
575 333 855 376 adversative.
891 330 970 373 Sed
1003 330 1051 373 ab
1085 331 1455 373 ervommimantis
1478 330 1518 387 a)
1537 330 1722 374 vitandis
1749 343 1770 374 a

150 407 238 449 iure
273 404 377 448 latae
400 406 628 447 sententiae
654 402 716 446 vel
741 401 792 445 ab
825 401 990 444 homine
1025 403 1135 444 iuxta
1168 401 1223 458 ξω
1258 402 1311 444 ⁶2¹³
1335 407 1442 445 can.⁸
1466 402 1590 449 2258,
1616 415 1770 444 necnon

151 476 193 533 h)
226 476 275 518 ab
323 475 424 518 aliis
471 473 723 533 quibuslibet
754 472 1137 522 eoecommam'catis,
1170 472 1245 515 sub
1278 472 1514 515 conditione
1553 477 1774 529 postquam

153 546 390 590 intercessit
421 545 630 589 sententia
665 545 831 600 proprie
863 543 971 586 dicta
1005 543 1233 586 secundum
1269 555 1358 586 can.
1397 543 1523 595 1868,
1554 545 1578 596 ἓ
1614 543 1650 595 1,
1686 556 1775 585 con-

151 616 417 660 demnatoria
439 629 510 659 seu
535 615 1007 658 excommunicationem
1044 613 1267 668 infligente.
1293 618 1366 655 aia
1394 612 1681 655 deelaratoria
1705 625 1772 655 ex-

153 688 541 731 communicationis
574 685 678 728 latae
711 686 937 727 sententiae
971 685 1049 725 iam
1087 685 1289 736 incursae,
1323 682 1465 738 fideles
1498 682 1549 725 ob
1575 685 1637 725 ius
1662 681 1774 725 habi·

155 764 241 802 tum
275 757 316 814 a)
352 757 391 799 in
426 756 513 799 solo
548 754 694 798 mortis
727 754 924 806 articulo,
957 767 1029 796 seu
1064 753 1129 796 illa
1166 753 1434 809 probabiliter
1469 755 1778 809 p1·oxi1na‚pos-

156 834 255 871 sant
288 828 396 871 licite
425 832 568 884 petere
601 826 644 883 b)
679 831 763 868 tum
797 824 1096 867 absolutionem
1131 823 1478 866 sacramentalem
1508 836 1530 866 a
1563 824 1777 866 sacerdote

152 900 527 949 excommunicato,
567 895 706 939 «licet
739 895 787 938 ad
823 896 1102 938 confessiones
1151 907 1228 937 non
1263 893 1502 951 approbato,
1537 899 1576 936 et
1618 895 1777 936 etiamsi

155 981 351 1025 praesens
382 970 433 1010 sit
475 966 668 1009 sacerdos
711 964 1027 1022 approbatus»,
1061 965 1163 1008 idest
1212 964 1267 1007 ad
1314 978 1504 1007 normam
1538 978 1626 1006 can.
1671 965 1779 1016 882,

154 1042 295 1091 2252,
329 1041 396 1094 qui
434 1040 634 1094 posterior
668 1038 838 1092 respicit
870 1035 1103 1079 absolutum
1133 1035 1223 1078 «ab
1257 1035 1394 1092 aliqua
1430 1047 1602 1077 censura
1627 1034 1679 1077 ab
1713 1034 1780 1077 ho-

158 1112 266 1153 mine
294 1109 356 1152 161
390 1122 410 1151 a
435 1120 608 1152 censura
642 1107 938 1164 specialissimo
960 1107 1080 1149 modo
1103 1106 1198 1149 Seni
1224 1106 1485 1162 Apostolicae
1511 1110 1779 1156 reservata»,

155 1183 192 1235 c)
227 1186 311 1223 tam
334 1179 461 1222 etiam
496 1179 605 1222 licite
640 1182 779 1235 petere
803 1178 854 1221 ab
888 1180 1271 1230 excomnmnicatis,
1297 1190 1400 1233 quos
1422 1176 1656 1219 considerat
1680 1175 1780 1219 haec

159 1250 456 1307 paragraphus,
480 1263 527 1293 ac
551 1249 627 1293 sub
659 1248 917 1292 conditione:
952 1248 989 1290 si
1022 1247 1100 1290 alii
1123 1247 1260 1290 desint
1293 1246 1480 1289 ministri
1508 1248 1784 1302 sequentium,

161 1328 298 1365 cetera
333 1323 606 1364 Sacramenta
629 1334 664 1365 v.
690 1334 748 1376 gr.
780 1319 996 1375 Viaticum‚
1029 1318 1269 1361 Extremam
1304 1317 1546 1361 Unctiouem
1572 1322 1610 1359 et
1635 1317 1787 1361 Sacra-

161 1392 362 1435 ‘mentalia
402 1406 436 1434 x‘.
472 1406 533 1448 gr.
572 1406 591 1431 (1
617 1390 945 1434 benedictionem
982 1389 1247 1446 apostolicam
1284 1402 1376 1431 cum
1414 1387 1667 1444 indulgentia
1703 1386 1783 1443 ple-

164 1465 276 1506 naria
301 1479 322 1503 1)
360 1463 409 1506 ad
446 1474 633 1505 normam
667 1474 756 1505 can.
793 1446 890 1514 46‘8,
921 1462 948 1517 ς’
983 1461 1018 1503 2.
1055 1460 1095 1502 ln
1135 1460 1211 1502 hoc
1246 1460 1498 1502 disiunctivo
1533 1460 1785 1514 praescripto

163 1533 318 1577 relucet
343 1538 525 1576 materna
553 1534 681 1588 pietas
710 1531 919 1575 Ecclesiae
945 1531 1200 1587 providentis
1223 1532 1307 1572 suis
1332 1530 1424 1572 tiliis
1448 1528 1785 1572 commoditatem

163 1604 521 1647 reconciliationis.

281 1676 347 1716 89.
384 1676 522 1719 Aliae
553 1687 805 1719 sacrorum
830 1674 1186 1728 prohibitiones
1210 1675 1519 1727 consequuntur
1547 1683 1787 1712 excommu-

163 1747 379 1788 nicationis
413 1750 617 1796 naturam,
642 1756 744 1800 quas
779 1748 961 1786 recenset
996 1756 1088 1785 611111
1125 1743 1388 1785 distinctione
1423 1756 1512 1783 (an.
1537 1743 1675 1784 2³:²63.
1700 1740 1727 1798 ἓ
1750 1743 1784 1782 1.

163 1815 574 1865 Ea‘commemicalas,
608 1828 685 1871 qua
722 1814 825 1867 talis,
859 1816 1017 1856 etiamsi
1053 1812 1278 1869 adimpleat
1311 1812 1567 1855 conditiones
1606 1826 1625 1851 ((
1653 1815 1694 1853 ut
1728 1816 1786 1853 in-

162 1886 395 1942 dulgentias
429 1898 573 1928 revera
610 1885 835 1927 lucretur»
874 1884 916 1940 (ξ
950 1884 991 1939 22)
1027 1890 1064 1926 et
1098 1884 1175 1926 alia
1211 1885 1405 1939 requisita
1458 1882 1660 1938 possideat
1700 1885 1788 1924 «ut

163 1968 293 2012 capax
327 1959 377 1998 sit
409 1969 478 1998 eas
512 1955 696 1998 lucrandi
724 1971 743 1994 »
782 1946 1012 2010 (63111123,
1047 1956 1074 2009 ς’
1112 1954 1163 2007 ll,
1198 1968 1276 1996 non
1312 1955 1356 2008 sil
1388 1952 1601 2009 particeps
1626 1952 1665 2008 a)
1692 1963 1788 2008 qua-

166 2013 359 2070 rumitb‘et
395 2025 755 2083 inclnlyentiaram
779 2028 900 2068 etiam
938 2028 974 2066 111
1000 2024 1174 2067 articulo
1205 2027 1346 2066 mortis
1370 2028 1462 2066 ante
1487 2023 1786 2066 absolutionem

165 2097 216 2140 (le
241 2099 346 2140 t'acto
371 2101 594 2152 receptam,
619 2095 660 2152 b)
686 2110 757 2140 nec
779 2095 1092 2152 saffrassiorumq
1118 2097 1221 2137 sicut
1246 2097 1443 2150 scriptum
1470 2099 1529 2136 est
1555 2095 1591 2135 in
1618 2105 1708 2148 cap.
1735 2093 1788 2135 38

172 2183 191 2208 «
216 2168 265 2211 de
297 2169 497 2210 sententia
531 2168 1012 2209 excommunicatiouis...
1040 2182 1057 2206 1)
1099 2164 1164 2222 (V,
1200 2165 1271 2221 39)
1308 2164 1340 2207 X
1375 2165 1425 2207 de
1449 2177 1496 2207 eo
1519 2166 1587 2221 qui
1623 2177 1788 2206 excom-

168 2240 457 2280 municationis
481 2240 682 2280 sententia
707 2242 765 2279 est
799 2237 1042 2280 adstrictus:
1083 2252 1103 2276 ((
1128 2249 1204 2278 non
1242 2240 1375 2278 tamen
1413 2237 1650 2291 priusquam
1676 2233 1791 2276 abso-

167 2307 331 2350 lutionis
364 2310 538 2364 gratiam
574 2310 819 2363 perceperit,
844 2306 1058 2349 habendus
1081 2311 1141 2349 est
1163 2305 1393 2349 absolutus:
1420 2318 1493 2348 uec
1516 2307 1548 2347 si
1573 2303 1791 2347 occumbat

98 2379 101 2382 '
134 2406 138 2409 -
168 2380 205 2420 in
244 2378 476 2421 huiusmodi
528 2377 648 2431 bello,
681 2383 774 2420 sunt
809 2377 1105 2434 (absolutiones
1142 2376 1223 2432 vet)
1257 2375 1484 2419 oblationes
1530 2375 1790 2431 recipiendae

169 2461 240 2504 pro
273 2462 333 2499 eo,
370 2448 432 2491 vel
467 2450 672 2491 orationes
706 2447 880 2490 Domino
919 2447 1206 2504 porrigendae,
1240 2448 1315 2489 uisi
1350 2459 1443 2489 cum
1479 2446 1529 2488 de
1570 2447 1696 2501 ipsius
1733 2447 1788 2486 vi-

169 2521 301 2560 ventis
336 2520 583 2574 poenitentia
619 2531 689 2573 per
712 2518 919 2561 evidentia
943 2520 1058 2574 signa
1083 2519 1332 2560 constiterit:
1363 2521 1402 2559 et
1437 2516 1550 2559 iuxta
1574 2515 1788 2558 cuiusdam

168 2590 470 2631 constitutionis
513 2593 675 2631 nostrae
709 2592 890 2631 tenorem
927 2588 984 2645 (in
1020 2600 1107 2643 cap.
1154 2588 1206 2629 ⁶28
1251 2587 1437 2630 eiusdem
1482 2589 1541 2630 tit.
1577 2585 1793 2640 insertum)

168 2658 364 2701 defuncto
397 2660 519 2700 etiam
555 2657 823 2701 absolutionis
866 2658 1113 2702 beneficium
1148 2657 1471 2713 impendatur»,
1511 2670 1585 2699 nec
1623 2656 1789 2698 demum

172 2744 191 2769 ((
219 2731 259 2771 111
295 2730 498 2784 particeps
523 2745 540 2769 »
577 2727 843 2785 publicarum
867 2728 1082 2772 Ecclesiae
1102 2742 1271 2785 precum
1294 2731 1382 2771 sive
1408 2730 1444 2770 in
1471 2740 1586 2770 sacra
1614 2727 1791 2782 liturgia⁷

170 2801 259 2842 sive
293 2803 407 2842 extra
444 2812 534 2841 eam
570 2813 641 2855 per
675 2798 857 2841 tidelium
893 2804 1053 2841 coetum
1092 2799 1183 2841 illae
1218 2800 1329 2841 iiant.
1364 2798 1522 2841 Etenim
1562 2797 1640 2839 Leo
1676 2795 1708 2838 X
1754 2797 1791 2837 in
