1981 3182
396 109 480 143 Trr.
507 109 569 143 VI.
589 129 602 134 -
620 109 677 143 De
695 109 862 143 subiecto
879 111 1070 143 coactivae
1084 111 1268 152 potestati
1287 109 1452 143 obnooez'o
1698 108 1743 142 67

143 173 187 185 r-

754 248 796 252 —
824 227 896 271 lege
922 231 981 262 aut
1009 232 1188 271 praecepto
1539 226 1626 261 Can.
1652 225 1744 261 2226

387 343 428 348 -
452 321 669 356 considerata
696 340 796 366 -A-
825 331 1049 365 personarum
1077 320 1246 363 dignitate
1582 334 1595 351 »
1651 319 1743 353 2227

748 384 796 439 i—
823 414 938 448 delicti
968 413 1177 459 perfectione
1584 428 1597 445 ι)
1653 412 1744 448 2228

138 462 273 498 Titulus
294 462 346 497 Vl.

133 511 177 545 De
200 510 355 545 subiecto
748 529 796 549 ¹—
825 513 962 553 propter
990 507 1222 552 ignorantiam
1586 522 1599 539 »
1654 505 1745 541 2229

158 558 331 593 coactivae
394 579 429 582 -
464 557 522 591 sed
551 560 714 591 excusato
748 559 749 562 ’

163 607 319 651 potestati
411 604 461 638 vel
489 615 559 639 non
694 599 796 647 —s—
824 600 958 635 ratione
984 598 1107 633 aetatis
1134 598 1168 632 in
1197 598 1422 644 delinquente
1586 615 1599 631 ι)
1654 599 1745 634 2230

160 652 308 688 obnoxio
327 672 371 677 —-
747 654 748 660 ¹

758 717 796 721 —
822 705 927 729 causa
953 705 1143 729 concursus
1170 694 1203 727 in
1232 693 1396 728 delictum
1586 708 1599 725 »
1655 693 1740 727 2231

748 810 797 832 5—
825 789 917 824 latae
944 788 1137 823 sententiae
1584 802 1598 820 »
1654 787 1745 822 2232

388 907 430 913 -
450 886 563 932 quoad
587 896 716 930 poenas
757 902 796 911 -a
827 896 886 931 per
911 895 1031 919 earum
1060 883 1288 918 inflictionem
1657 882 1745 917 2233

409 934 608 969 subeundas
695 951 736 956 —

760 1001 798 1005 —
825 991 903 1014 cum
933 979 1084 1014 remedio
1114 978 1247 1024 poenali
1656 976 1746 1011 ’2234

755 1095 799 1099 —-
826 1074 962 1109 etiarnsi
991 1074 1154 1109 delictum
1185 1084 1253 1107 non
1284 1077 1497 1119 perpetretur
1587 1087 1600 1104 »
1657 1070 1746 1105 2235

234 1218 304 1261 44.
338 1220 594 1275 Inscriptio
617 1219 784 1263 Tituli.
810 1243 861 1247 —
889 1216 978 1258 l'ost
1003 1216 1235 1260 subiectum
1263 1218 1327 1257 cui
1356 1220 1534 1270 potestas
1559 1216 1745 1257 coactiva

117 1292 327 1346 competit,
362 1291 542 1345 oportuit
577 1301 743 1331 normas
766 1288 879 1341 dare,
904 1300 1005 1344 quas
1039 1288 1218 1329 continet
1252 1284 1412 1327 Titulus
1447 1284 1496 1327 l'l
1527 1288 1748 1340 inscriptus

118 1360 182 1402 De
213 1359 394 1402 subiecto
437 1373 613 1416 nempe:
650 1359 775 1413 tideli,
812 1361 881 1415 qui
926 1358 1118 1401 subditur
1164 1359 1397 1400 auctoritati
1444 1356 1750 1399 ecclesiasticae

119 1431 230 1487 leges
262 1435 332 1473 aut
358 1436 577 1486 praecepta
603 1431 763 1483 ferenti,
789 1428 1105 1485 cognoscendus
1126 1442 1196 1484 per
1215 1440 1304 1471 can.
1333 1428 1399 1469 12.
1431 1428 1494 1479 13,
1524 1427 1586 1472 14,
1611 1427 1745 1483 quoad

120 1501 220 1552 illas,
258 1505 297 1544 et
329 1501 463 1558 quoad
499 1500 599 1543 llaec
636 1514 708 1556 per
740 1512 830 1543 can.
866 1500 934 1553 94,
968 1502 999 1541 si
1038 1512 1136 1542 vero
1170 1504 1318 1554 agatur
1341 1499 1391 1541 de
1425 1498 1592 1548 clerico,
1626 1500 1749 1553 respi-

120 1572 266 1616 ciendo
284 1571 790 1614 huiusincardinationem
815 1571 876 1613 vel
897 1571 1018 1614 aliam
1038 1570 1307 1613 subiectionis
1328 1572 1527 1612 rationem
1549 1574 1600 1614 et.
1616 1571 1646 1611 si
1667 1582 1747 1611 ser-

122 1656 186 1685 mo
209 1645 260 1686 sit
283 1643 334 1686 de
358 1642 550 1698 religioso
574 1647 779 1697 exempto,
806 1642 1045 1685 attendatur
1069 1646 1227 1697 oportet
1253 1640 1404 1683 l'amilia
1430 1654 1500 1683 seu
1527 1640 1674 1682 domus
1697 1640 1745 1682 ad

118 1726 242 1770 quam
267 1712 332 1756 hic
357 1716 586 1769 pertineat:
611 1714 661 1756 de
687 1713 753 1756 illo
781 1714 906 1769 igitur
940 1712 1151 1755 mariscae
1171 1711 1375 1769 potestati
1393 1711 1611 1754 distinctae
1637 1713 1746 1752 iuxta

118 1784 360 1841 Superiores
396 1783 457 1827 vel
495 1797 690 1840 personas
716 1784 892 1827 morales
915 1796 1004 1826 eam
1031 1788 1288 1834 exercentes,
1313 1787 1435 1839 atque
1463 1782 1748 1825 consideratae

117 1855 346 1899 secundum
383 1855 525 1898 modos
558 1855 747 1898 diversos
780 1856 1001 1898 exercendi
1037 1868 1142 1899 eam,
1182 1854 1373 1896 ridelicet
1416 1868 1486 1909 per
1521 1853 1643 1908 leges,
1680 1866 1751 1907 per

118 1926 355 1979 sententias,
378 1939 448 1982 per
482 1926 650 1968 modum
678 1928 887 1982 praecepti
912 1924 1186 1981 particularis.
1206 1924 1382 1967 obnooeio
1402 1924 1450 1966 ad
1479 1922 1749 1966 incurrendas

121 2009 273 2053 poenas
315 1997 408 2040 inde
452 2001 754 2054 consequentes
791 1996 853 2040 vel
888 1996 1126 2039 subeundas
1171 1998 1225 2038 uti
1262 1996 1455 2038 ellectum
1493 1994 1601 2037 illius
1638 1999 1747 2050 pote-

119 2070 247 2112 statis.

238 2139 305 2181 45.
342 2140 476 2185 Ordo
510 2153 751 2185 canonum
785 2153 833 2181 ex
869 2139 991 2182 dictis
1035 2140 1222 2182 infertur,
1257 2138 1326 2180 sed
1364 2137 1494 2193 logice
1538 2138 1749 2192 expositus

121 2211 433 2266 inscriptionem
479 2210 668 2253 illustrat.
713 2210 1008 2253 Consideretur
1052 2211 1184 2265 primo
1218 2210 1406 2251 coactiva
1443 2212 1621 2263 potestas
1656 2206 1748 2261 lege

119 2285 189 2323 aut
224 2286 443 2337 praecepto
488 2284 686 2335 exercita,
721 2286 759 2323 et
792 2280 1026 2324 subiectum
1062 2279 1137 2322 hac
1184 2281 1340 2322 ratione
1374 2279 1675 2321 determinatur
1709 2279 1745 2317 in

120 2363 210 2407 can.
256 2351 382 2399 2226,
417 2352 515 2395 dum
560 2357 782 2409 sequentes
816 2352 897 2394 duo
943 2364 1211 2407 personarum
1258 2350 1502 2405 dignitatem
1537 2353 1574 2391 et
1608 2347 1745 2390 delicti

123 2423 418 2478 perfectionem
453 2423 717 2466 considerant
741 2422 789 2465 ad
818 2422 927 2465 illam
963 2422 1222 2465 statuendam
1248 2421 1654 2463 determinationem.
1680 2417 1751 2460 His

120 2492 432 2550 subsequuntur
455 2498 537 2536 tres
559 2507 739 2536 canones
764 2493 890 2536 2229.
914 2493 1026 2535 2230
1046 2497 1083 2535 et
1106 2492 1232 2542 2231,
1258 2494 1325 2548 qui
1350 2492 1587 2534 successive
1606 2502 1751 2531 causas

121 2576 144 2606 a
177 2566 318 2619 poenis
353 2564 615 2606 incurrendis
648 2569 896 2607 excusantes
939 2563 1219 2613 considerant,
1251 2561 1440 2605 scilicet:
1476 2561 1749 2617 ignorantiam

121 2638 160 2677 et
195 2634 530 2690 impuberlatcm,
564 2639 601 2677 et
636 2639 802 2677 econtra
849 2635 1092 2677 inducentes
1128 2633 1190 2675 rel
1231 2636 1527 2676 concurrentes
1566 2631 1615 2673 ad
1651 2629 1750 2673 deli·

122 2710 232 2749 ctum
253 2705 495 2762 poenalibus
519 2705 681 2761 legibus
704 2705 942 2748 subiiciunt.
963 2704 1150 2761 Denique
1176 2704 1342 2746 modum
1371 2715 1522 2759 poenas
1545 2701 1748 2744 subeundi

122 2781 192 2820 aut
225 2776 438 2832 infligendi
477 2777 746 2819 moderantur
769 2788 858 2819 can.
897 2775 1007 2818 2232
1048 2779 1086 2817 ct
1127 2774 1252 2828 2233,
1288 2775 1385 2817 dum
1421 2773 1622 2816 subiectio
1664 2777 1746 2813 tuni
