1981 3182
224 147 268 181 70
687 148 771 181 [ΑΒ.
802 148 846 181 V.
876 168 888 172 -
916 148 1026 181 PARS
1052 148 1103 181 H.
1136 168 1145 173 -
1173 148 1228 182 De
1248 151 1386 192 poenis
1531 148 1625 183 Can.

225 281 337 310 num.
372 269 409 311 ὃ.
449 266 611 320 «Quod
646 271 677 311 si
713 268 764 311 ob
798 270 1014 324 graviores
1056 280 1202 311 causas
1236 265 1486 311 Ordinarius
1518 270 1723 311 censuerit
1759 280 1847 310 eam

225 341 436 394 imponere
471 352 548 381 non
574 339 622 381 ad
661 344 822 395 tempus
856 339 1195 391 determinatum,
1218 338 1288 380 sed
1315 338 1362 380 ad
1388 352 1507 381 suum
1530 338 1847 394 beneplacitum.

225 414 319 452 tunc
356 412 439 464 ipsa
475 409 651 452 habetur
686 423 756 466 pro
791 415 1070 465 temporanea,
1116 410 1292 468 ideoque
1336 410 1513 454 cessabit
1556 424 1649 454 cum
1687 409 1848 452 iurisdi-

223 482 357 523 ctione
401 478 612 524 Ordinarii
657 483 969 536 suspensionem
1015 481 1306 536 infligentis».
1347 481 1482 538 Atque
1525 483 1778 537 praescripto
1811 481 1850 532 §³

222 553 375 607 optime
409 552 653 607 providetur
693 565 817 608 scopo
861 554 1075 595 coactivae
1121 555 1346 608 potestatis,
1382 555 1541 595 etiamsi
1581 564 1755 608 «poena
1791 554 1849 594 in-

223 622 330 664 tlicta
366 621 484 678 (non)
517 625 670 678 scripto
705 627 772 665 aut
806 636 946 665 coram
981 622 1144 666 duobus
1177 622 1349 666 testibus
1383 622 1619 666 declaretur
1655 622 1717 665 vel
1754 625 1851 664 irro-

223 697 355 747 getur,
383 692 495 749 (nec)
518 693 708 736 indicatis
734 706 889 749 poenae
922 696 1058 736 causis
1086 713 1099 729 »
1138 694 1243 747 [can.
1281 693 1428 750 &2252
1453 698 1573 750 prout
1601 693 1850 750 quandoque

222 762 330 806 licite
366 764 452 806 lieri
490 768 633 820 potest.
668 763 856 821 Namque
890 763 1009 806 aliter
1042 769 1203 820 possent
1240 764 1359 807 facile
1402 763 1690 820 delinquentes
1727 775 1852 806 vanas

224 833 398 876 reddere
431 835 665 890 Superioris
701 837 933 890 punitiones
966 834 1110 877 saltem
1141 835 1188 878 ad
1236 840 1397 891 tempus
1442 849 1512 891 per
1556 848 1763 878 recessum
1801 833 1852 877 ab

222 905 406 947 eiusdem
443 907 663 948 territorio.

342 976 410 1018 47-
450 978 703 1023 Personae
726 979 1073 1033 privilegiatae
1095 982 1188 1019 sunt
1211 982 1443 1034 sequentes.
1483 975 1582 1020 Can.
1608 979 1746 1019 2227.
1772 978 1850 1030 {L

227 1045 398 1097 Poenae,
423 1047 603 1089 exclusis
627 1048 761 1104 quoad
802 1047 1056 1090 x‘aliditatem
1083 1049 1233 1090 ceteris
1254 1039 1461 1092 Praetans.
1488 1050 1669 1104 ipsisque
1702 1047 1850 1090 Roma-

223 1119 283 1159 nis
316 1116 718 1174 (slongregationibus
742 1132 789 1161 ex
817 1121 1063 1161 auctoritate
1098 1121 1276 1175 propria,
1301 1119 1472 1161 nonnisi
1496 1133 1519 1160 a
1540 1117 1726 1161 Romano
1756 1117 1853 1160 Pon-

224 1188 331 1244 tifiee
366 1202 437 1244 per
479 1202 521 1231 se
558 1189 620 1232 vel
659 1203 729 1245 per
771 1189 1008 1246 delegatum
1046 1192 1156 1232 iuxta
1193 1204 1276 1245 reg.
1312 1190 1365 1232 (58
1407 1192 1506 1232 iuris
1542 1192 1579 1231 in
1615 1189 1671 1242 60,
1708 1189 1850 1247 infli'qi'

223 1262 386 1316 proprie
420 1262 509 1302 sive
545 1274 616 1316 per
651 1261 782 1317 legem
826 1261 1132 1317 particularem.
1167 1264 1256 1303 sire
1292 1274 1363 1317 per
1401 1263 1645 1303 sententiam
1683 1273 1850 1316 praece-

224 1336 420 1387 ptumque
456 1331 719 1387 particulare,
754 1337 827 1374 aut
870 1331 932 1374 llis
972 1331 1269 1388 posterioribus
1304 1332 1436 1374 modis
1479 1330 1696 1374 ‹leelarari'
1718 1344 1737 1374 a
1765 1334 1852 1374 iure

223 1404 301 1444 iam
349 1404 511 1445 incursa
553 1408 690 1459 potest
736 1405 892 1446 ratione
929 1416 1198 1459 personarum
1246 1403 1286 1445 in
1322 1416 1390 1445 eos
1424 1402 1474 1444 (le
1506 1401 1652 1459 quibus
1685 1402 1726 1444 in
1763 1416 1852 1446 ran.

222 1475 356 1527 1557,
389 1474 417 1531 g
451 1476 483 1515 1.
524 1472 753 1517 Videlicet:
794 1491 811 1513 «
841 1473 883 1516 1⁰
917 1474 996 1517 Eos
1032 1477 1108 1531 >qui
1144 1487 1384 1530 supremum
1432 1478 1569 1516 tenent
1605 1473 1850 1529 populorum

225 1546 532 1600 principatunn
568 1570 619 1574 —
658 1545 700 1586 ⁴20
743 1545 881 1587 Patres
913 1543 1182 1598 Cardinales3
1218 1570 1270 1574 ——
1307 1544 1350 1586 3⁰
1386 1543 1557 1600 Legatos
1599 1544 1711 1586 sedis
1744 1544 1852 1599 Apo-

220 1614 403 1664 stolicae,
438 1620 519 1659 et...
557 1615 793 1671 Episcopos,
829 1617 951 1658 etiam
988 1615 1177 1658 titulares
1200 1631 1239 1655 ›).

339 1684 426 1728 Hae
462 1688 743 1729 immunitates
776 1691 868 1728 sunt
905 1689 982 1728 iam
1020 1692 1221 1741 exceptae
1261 1688 1298 1728 in
1335 1684 1392 1729 6⁰.
1421 1684 1710 1727 bem-elatium.
1748 1684 1848 1727 Nam

221 1756 410 1800 Clemens
436 1756 484 1799 lv
510 1760 563 1800 ait
587 1757 620 1799 ¹:
648 1756 744 1800 «Ne
768 1757 894 1814 aliqui
919 1758 969 1800 de
996 1757 1164 1800 indultis
1191 1756 1440 1813 Apostolicis
1457 1756 1726 1800 confidentes.
1752 1755 1853 1797 alios

221 1827 497 1871 confidentius
533 1831 569 1870 in
604 1843 678 1871 suo
713 1831 801 1872 iure
837 1828 1067 1880 molestent,
1096 1834 1132 1871 et
1167 1826 1486 1872 Ordinarioium
1525 1827 1850 1870 iurisdictionem

220 1903 487 1941 contemnant
531 1902 684 1955 pariter
717 1905 754 1942 et
789 1899 986 1942 eludant:
1022 1897 1180 1943 Omnes
1224 1899 1503 1955 indulgentias
1545 1903 1583 1941 et
1619 1897 1851 1954 privilegia,

220 1968 554 2026 quibuscumque
596 1970 879 2026 singularibus
925 1973 1109 2026 personis
1144 1969 1436 2013 ecclesiasticis
1473 1968 1533 2012 vel
1568 1968 1853 2011 saecularibus

220 2041 521 2098 cuiuscumque
557 2044 919 2098 praeeminentiae,
946 2042 1170 2098 dignitatis,
1205 2042 1454 2084 comlitionis
1482 2045 1549 2083 aut
1574 2045 1717 2091 status,
1741 2042 1849 2097 quod

222 2111 412 2154 interdici
450 2125 469 2154 a
506 2126 770 2170 quocumspie
809 2116 869 2156 vel
906 2115 1261 2156 excommunicari
1299 2126 1376 2154 non
1415 2114 1591 2168 possint:

414 2182 515 2239 (lllis
551 2197 622 2239 per
657 2198 763 2241 quae
799 2183 967 2240 regibus
1001 2189 1036 2226 et
1074 2186 1227 2239 reginis
1260 2196 1489 2240 eorumque
1528 2181 1666 2225 tiliis...
1702 2183 1739 2223 in
1777 2181 1851 2224 boe

222 2254 460 2296 immunitas
495 2253 729 2297 huiusmodi
755 2255 1012 2306 conceditur,
1042 2254 1253 2297 dumtaxat
1280 2252 1483 2310 exceptis)
1508 2253 1559 2295 de
1582 2254 1753 2295 fratrum
1781 2265 1848 2294 no-

220 2327 398 2366 strorum
434 2325 605 2367 consilio
629 2326 678 2367 ad
705 2323 1023 2369 Ordinarimnm
1060 2327 1285 2367 sententias
1308 2330 1343 2367 et
1371 2337 1587 2380 processus
1605 2323 1740 2366 edicto
1761 2336 1849 2377 per-

223 2399 343 2449 petuo
379 2395 645 2450 probibemus
680 2397 910 2439 extendi».

338 2463 481 2517 Quoad
521 2480 715 2522 personas
753 2481 849 2510 xero
873 2467 1174 2510 ecclesiasticas
1213 2470 1371 2509 constat
1406 2465 1512 2508 idem
1549 2467 1648 2506 iuris
1684 2476 1848 2519 praece·

221 2536 355 2578 (lentis
388 2541 584 2579 statutum
621 2552 667 2580 ex
705 2551 795 2594 cap,
834 2539 885 2580 iti
925 2553 947 2578 «
971 2539 1020 2579 ‹le
1054 2537 1317 2579 haereticis»
1356 2535 1421 2592 (V,
1458 2535 1500 2592 ⁴2)
1537 2538 1573 2577 in
1611 2533 1668 2577 6⁰.
1692 2533 1847 2577 lbidem

223 2606 352 2649 ltonit‘.
393 2605 475 2648 Vnt
512 2610 593 2650 ait:
634 2624 654 2648 «
681 2608 948 2665 lnquisitores
992 2607 1225 2650 baereticae
1271 2609 1486 2663 pravitatis
1524 2605 1575 2648 ab
1614 2603 1847 2660 Apostolica

220 2677 368 2720 Sede...
404 2678 602 2733 deputati.
639 2680 689 2721 de
722 2679 957 2721 huiusmodi
994 2681 1168 2720 erimine
1214 2680 1423 2734 inqmrere
1457 2682 1598 2720 contra
1635 2678 1849 2731 episcopos

222 2753 444 2805 nequeunt,
480 2754 547 2791 aut
583 2752 670 2791 eius
706 2755 919 2805 praetextu
957 2749 1181 2804 proeedere
1215 2754 1355 2791 contra
1392 2761 1488 2790 eos:
1520 2749 1593 2789 nisi
1631 2748 1667 2788 in
1704 2746 1848 2787 litteris

1972 1779 1975 1804 l

1972 1828 1974 1845 l

340 2905 349 2925 1
379 2902 469 2946 Cap.
499 2903 519 2936 5
554 2919 565 2931 α
587 2902 631 2935 de
672 2903 895 2947 privilegiis
921 2915 939 2933 »
977 2902 1038 2943 (V.
1068 2902 1103 2939 7)
1133 2913 1170 2934 in
1204 2901 1253 2934 6⁰.
