1981 3182
796 544 986 594 PARS
1026 546 1317 595 TERTIA.

510 663 610 724 De
655 668 882 740 poenis
928 669 993 727 in
1040 667 1292 742 singula
1338 645 1598 730 delicta}

356 899 452 942 149.
480 902 735 957 Inscriptio
758 901 919 945 Partis
943 902 1146 956 eiusque
1169 903 1214 944 in
1239 903 1409 947 titulos
1432 903 1729 947 distributio.
1749 927 1801 932 ——
1827 901 1868 944 ln

234 970 344 1014 Libri
382 969 410 1011 V
446 970 750 1013 introductione
785 971 858 1013 t'uit
895 969 1150 1014 declaratum
1187 984 1267 1028 quo
1303 972 1424 1014 modo
1458 976 1593 1015 essent
1620 971 1869 1016 correlativa

234 1042 434 1085 delictum
480 1046 517 1083 et
563 1053 707 1097 poena.
754 1041 973 1098 Postquam
1023 1054 1122 1097 ergo
1173 1041 1383 1098 legislator
1426 1045 1464 1085 in
1509 1041 1661 1087 Codice
1702 1055 1870 1086 normas

201 1109 203 1111 ’
235 1113 360 1167 dedit,
380 1111 531 1170 quibus
550 1116 752 1168 reguntur
774 1117 859 1155 tum
884 1111 1034 1155 delicta
1053 1117 1138 1155 tum
1161 1125 1317 1169 poenae
1335 1113 1629 1157 universaliter
1648 1114 1868 1171 loquendo,

234 1184 311 1226 hae
347 1196 446 1226 vero
481 1188 565 1226 tum
602 1185 639 1225 in
675 1196 828 1238 genere
872 1188 957 1226 tum
1005 1185 1041 1225 in
1084 1186 1223 1239 speeie
1262 1184 1561 1229 consideratae.
1597 1187 1694 1241 quin
1730 1189 1865 1228 tamen

231 1257 441 1299 omitteret
490 1258 764 1310 opportunam
797 1255 882 1296 'imo
923 1255 1181 1310 frequentem
1231 1254 1606 1298 considerationem
1657 1255 1867 1298 relationis

234 1328 340 1368 inter
372 1324 520 1367 delicta
556 1329 594 1367 et
630 1337 795 1380 poenas,
834 1323 937 1366 Pars
973 1324 1098 1366 tertia
1134 1324 1243 1368 Libri
1280 1324 1312 1366 V
1347 1324 1588 1368 inscribitur
1620 1325 1672 1369 ab
1704 1325 1772 1368 illo
1810 1325 1867 1368 De

226 1396 376 1454 poenis
409 1395 649 1452 singillatim
684 1397 846 1438 statutis
880 1398 969 1438 iure
1003 1398 1213 1438 communi
1250 1395 1290 1438 in
1325 1395 1495 1452 sinyula
1530 1396 1782 1439 recensenda
1802 1396 1867 1439 de-

231 1466 332 1509 licta
369 1466 616 1509 vindicanda
655 1465 716 1509 vel
744 1468 781 1508 in
807 1466 1140 1509 emendationem
1176 1465 1515 1522 delinquentium
1541 1467 1785 1510 coercenda.
1811 1493 1863 1497 —

231 1537 279 1582 Ut
316 1551 414 1581 vero
448 1537 549 1580 haee
585 1551 656 1593 per
699 1538 886 1580 ordinem
934 1542 1243 1592 enumerentur,
1279 1539 1353 1580 fuit
1399 1538 1501 1581 sacta
1546 1537 1780 1581 distributio
1826 1541 1862 1581 in

231 1608 384 1661 titulos,
408 1608 456 1652 ad
482 1622 659 1665 (piorum
685 1608 1038 1651 coordinationem
1073 1608 1423 1651 considerandum
1458 1614 1540 1652 est:
1576 1611 1681 1652 inter
1714 1608 1862 1652 delicta

229 1693 318 1723 esse
350 1679 501 1737 aliqua,
527 1692 632 1736 quae
665 1679 715 1723 ab
750 1679 941 1723 omnibus
975 1681 1013 1722 in
1039 1679 1219 1723 Ecclesia
1258 1682 1409 1735 patrari
1446 1684 1627 1735 possunt,
1650 1679 1727 1723 alia
1766 1693 1862 1723 vero

227 1763 334 1808 quae
367 1763 390 1794 a
425 1749 704 1807 peculiaribus
739 1752 936 1807 personis.
972 1750 1083 1793 Inter
1117 1750 1182 1793 illa
1217 1752 1412 1803 eminent,
1447 1762 1553 1806 quae
1596 1750 1860 1793 fundamenta

229 1824 356 1878 ipsius
393 1823 603 1865 societatis
635 1820 963 1877 supernaturalis
997 1823 1213 1877 impetunt,
1234 1833 1280 1864 ac
1316 1821 1487 1877 proinde
1525 1820 1729 1864 «Titulus
1764 1820 1856 1863 Xl»

227 1900 288 1936 est
327 1892 429 1935 «De
463 1892 625 1935 delictis
659 1896 801 1935 contra
835 1892 957 1934 tidem
984 1897 1021 1934 et
1047 1894 1245 1934 unitatem
1281 1891 1555 1946 Ecclesiae»,
1591 1896 1681 1947 post
1714 1891 1859 1934 eadem

226 1967 386 2019 oportet
422 1968 463 2005 ut
490 1967 725 2019 sequantur
767 1962 844 2004 alia
884 1962 1112 2005 secundum
1159 1962 1402 2018 dignitatem
1451 1974 1719 2017 personarum
1755 1974 1861 2019 quae

228 2046 299 2088 per
333 2033 482 2076 delicta
516 2033 782 2076 offenduntur
820 2032 881 2075 vel
919 2032 1117 2075 bonorum
1154 2045 1260 2089 quae
1286 2032 1441 2078 leduut.
1467 2037 1503 2075 et
1528 2045 1576 2075 ex
1603 2037 1778 2089 utraque
1804 2045 1862 2075 ra-

226 2106 335 2146 tione
360 2104 570 2160 praecellit
596 2120 617 2144 «
640 2103 799 2146 Titulus
823 2102 908 2147 xli.
935 2102 992 2146 De
1016 2103 1177 2146 delictis
1211 2108 1352 2146 contra
1389 2103 1631 2159 religionem
1656 2118 1693 2158 ³),
1719 2108 1858 2159 postea

224 2188 274 2218 ex
311 2178 467 2217 motivo
513 2187 783 2231 personarum
827 2177 1016 2231 sequitur
1054 2173 1257 2217 «Titulus
1290 2173 1396 2216 Xlll.
1430 2173 1488 2217 De
1522 2173 1684 2217 delictis
1715 2179 1857 2217 contra

223 2248 505 2297 auctoritates,
541 2258 749 2301 personas,
786 2258 850 2288 res
884 2244 1186 2288 ecclesiasticas
1212 2261 1249 2299 ›>‚
1275 2250 1313 2287 et
1338 2258 1386 2288 ex
1412 2244 1541 2288 altero
1567 2246 1722 2287 motivo
1750 2260 1772 2284 «
1793 2243 1857 2287 Ti·

223 2316 333 2360 tulus
358 2316 463 2359 XlV.
491 2316 545 2359 De
569 2317 730 2359 delictis
764 2321 907 2359 contra
934 2318 1075 2367 vitam,
1101 2315 1345 2369 libertatem,
1374 2318 1682 2373 proprietatem,
1707 2314 1856 2359 bonam

223 2388 373 2430 samam
419 2400 465 2431 ac
513 2387 640 2431 bonos
689 2400 824 2430 mores
848 2402 887 2440 »,
922 2389 987 2430 cui
1032 2387 1200 2429 additur
1248 2391 1443 2443 tanquam
1494 2398 1589 2442 pars
1626 2385 1677 2429 ab
1710 2386 1854 2429 eedem

220 2460 406 2501 seiuncta
432 2458 634 2501 «Titulus
670 2456 752 2500 XV.
790 2457 847 2500 De
881 2459 1055 2501 crimine
1088 2457 1176 2501 salsi
1202 2473 1241 2499 ».
1277 2457 1387 2500 inter
1420 2457 1568 2500 delicta
1603 2470 1703 2500 vero
1738 2470 1857 2512 pecu-

222 2529 336 2572 liaria
362 2529 640 2586 quarumdam
665 2541 949 2584 personarum,
974 2527 1026 2571 ab
1049 2528 1241 2571 omnibus
1266 2528 1432 2585 quidem
1458 2529 1658 2571 committi
1683 2532 1853 2585 queunt,

219 2602 292 2643 etsi
331 2600 560 2656 peculiares
606 2600 817 2656 religionis
849 2603 964 2642 actus
998 2599 1247 2647 exercendo,
1281 2611 1387 2656 quae
1420 2600 1555 2641 statim
1593 2603 1681 2655 post
1714 2598 1854 2641 titulos

221 2671 519 2727 praecedentes
564 2671 698 2713 locum
744 2669 1022 2726 expostulant„
1058 2670 1151 2713 hinc
1190 2669 1382 2713 subditur
1420 2668 1622 2712 «Titulus
1654 2667 1759 2711 XVI.
1796 2668 1851 2711 De

219 2741 381 2784 delictis
416 2744 453 2784 in
488 2742 846 2785 administratione
883 2741 943 2784 vel
980 2743 1241 2797 susceptione
1276 2740 1467 2783 ordinum
1497 2739 1757 2797 aliorumque
1780 2740 1849 2782 Sa·

219 2817 591 2855 eramentorum».
630 2812 718 2854 Post
771 2811 868 2854 llaec
919 2811 1097 2867 plurium
1146 2816 1238 2854 sunt
1290 2812 1471 2867 propria,
1509 2822 1615 2866 quae
1665 2815 1851 2853 recenset

225 2882 427 2926 «Titulus
462 2881 583 2925 XYll.
620 2881 677 2925 De
711 2881 872 2924 delictis
905 2887 1045 2924 contra
1081 2881 1354 2937 obligationes
1387 2883 1575 2937 proprias
1607 2885 1735 2923 status
1769 2880 1849 2923 cle·
