1981 3182
131 158 228 194 Gan.
255 157 460 192 2385-2386
508 156 592 190 Tm
622 156 750 190 XVII.
779 175 790 181 -
818 155 874 189 De
898 155 971 188 del.
1000 165 1032 188 c.
1052 155 1164 199 obliy.
1185 156 1275 188 stat.
1296 154 1387 188 cler.
1694 151 1762 185 301

131 276 225 312 catio
250 279 343 311 tenet
376 275 465 310 latae
494 274 688 310 sententiae
723 271 912 309 Ordinatio
986 276 1136 305 neantur
1163 276 1208 311 et,
1245 271 1489 306 emendatione
1524 281 1593 305 non
1632 273 1761 313 secuta,

139 327 325 359 reservata.
505 331 508 336 ·
987 318 1180 363 puniantur
1204 319 1308 353 etiarn
1347 318 1539 363 privatione
1567 317 1657 352 vocis
1682 316 1764 351 acti-

183 368 267 405 cm.
299 367 402 404 2389.
433 389 450 394 -
480 367 639 413 Religiosi
680 367 788 411 legem
823 365 911 400 vitae
987 376 1047 400 vae
1073 370 1103 400 et
1134 366 1290 410 passivae
1316 370 1361 408 et,
1391 365 1416 398 si
1450 363 1652 410 Superiores
1678 363 1761 406 sint,

131 417 333 452 communis
348 415 658 451 constitutionibus
680 414 911 459 praescriptae
984 412 1089 447 etiam
1117 412 1232 447 officii.

136 464 172 499 in
199 474 235 500 re
262 464 406 499 notabili
448 463 628 503 violantes,
665 462 816 506 graviter
843 471 911 495 mo-

253 562 352 604 2⁹28.
389 562 633 617 Apostata
664 572 695 603 a
743 559 993 613 religione.
1047 581 1099 585 —
1138 554 1236 597 Can.
1290 556 1428 597 9385.
1462 553 1609 596 Firmo
1640 567 1762 611 prae-

132 631 293 689 scripto
327 645 417 673 eun.
451 632 546 672 646
577 629 627 671 de
672 628 912 671 dimissione
948 628 1033 682 ipso
1068 626 1173 668 tacto
1213 625 1477 677 incurrentia,
1521 626 1552 667 si
1598 623 1760 680 aliquod

134 705 293 746 crimen
330 701 384 745 ibi
417 702 681 744 enunciatum
717 698 952 741 adiunxerit
988 696 1226 751 reliqiosus,
1261 696 1369 738 idem
1414 699 1610 752 apostata
1643 708 1667 736 α
1698 707 1763 736 re-

134 772 293 829 liqione
337 775 450 814 iuxta
495 770 778 814 definitionem
824 781 912 811 can.
960 767 1058 817 644,
1094 770 1120 817 ,ξ
1158 768 1192 815 l,
1228 766 1318 822 ipso
1359 766 1462 815 iure,
1497 777 1602 822 quae
1639 763 1762 807 verba

134 842 419 886 extenduntur
451 842 500 885 ad
535 839 719 897 singulas
751 843 973 896 sequentes
1000 852 1150 894 poenas
1172 837 1490 879 determinatas:
1528 835 1558 877 l0
1586 835 1765 877 incurrit

135 913 179 956 in
213 911 682 956 eoeeoinmunieationein
715 910 756 966 a)
787 909 963 967 proprio
1000 907 1221 965 Superiori
1257 907 1412 950 mitiori
1434 907 1542 962 (can.
1570 906 1665 958 488,
1692 906 1763 960 8⁰),

132 989 174 1028 et
207 989 326 1028 caute
360 983 585 1026 notandum
620 987 679 1025 est
713 995 791 1024 non
829 982 953 1024 fuisse
998 978 1180 1022 adhibita
1219 978 1373 1022 verba:
1414 977 1660 1033 «Episcopo
1702 976 1763 1019 vel

132 1053 361 1100 Ordinario
397 1057 649 1097 reservatam
677 1068 714 1107 n,
750 1065 797 1095 ac
833 1051 1006 1107 proinde
1042 1050 1136 1093 liuic
1175 1050 1595 1093 excommunicationi
1635 1049 1765 1103 aptari

133 1128 276 1184 nequit
309 1138 399 1169 can.
435 1124 564 1178 2253,
598 1126 673 1166 nisi
709 1124 842 1180 quoad
880 1125 1057 1179 primum
1090 1121 1222 1176 num.i
1255 1120 1293 1164 3¹
1338 1132 1514 1164 comma.
1552 1118 1611 1161 rel
1644 1118 1686 1174 b)
1730 1118 1766 1159 si

131 1196 285 1255 ‘reliyio
318 1196 374 1239 sit
406 1194 577 1238 lai'eolis
620 1199 694 1237 aut
738 1208 816 1237 non
850 1199 1054 1251 erempta.
1100 1206 1180 1249 quo
1225 1194 1263 1234 in
1309 1203 1406 1234 casu
1457 1192 1654 1246 Superior
1700 1189 1764 1232 illc

135 1270 266 1311 maior
299 1269 465 1310 nomine
498 1263 711 1310 Ordinarii
761 1278 839 1308 non
879 1266 1004 1317 venii,
1039 1276 1112 1306 ne<¹
1149 1262 1475 1305 iurisdictionem
1522 1259 1765 1303 ecclesiasti-

132 1352 225 1384 cam
261 1338 455 1396 possidet,
478 1336 711 1379 Orclinurio
744 1335 825 1379 loci
848 1336 889 1378 in
925 1349 1003 1392 quo
1030 1338 1312 1377 commoratur
1344 1335 1466 1376 etiam
1493 1335 1763 1374 transeunter.

135 1409 392 1467 proindeque
427 1407 494 1451 ubi
539 1407 726 1451 confiteri
779 1411 927 1463 posset,
963 1410 1234 1459 reservatum,
1271 1403 1322 1446 ll⁰
1356 1402 1405 1445 ab
1439 1401 1601 1444 ueti'bus
1633 1401 1767 1458 leqiti-

133 1481 213 1524 inis
244 1479 541 1523 ecelesiasticis
564 1484 624 1534 est
647 1477 855 1529 metimus,
874 1490 996 1534 quam
1024 1488 1196 1533 poenam
1232 1474 1410 1531 explicat
1445 1486 1532 1517 can.
1556 1473 1680 1527 2255,
1705 1474 1764 1521 02⁰,

134 1556 259 1609 atque
283 1553 451 1607 insuper
485 1549 554 1592 lll⁰
585 1548 826 1607 prii-iletqiis
859 1538 1049 1591 omnihus
1082 1560 1185 1589 suae
1218 1545 1594 1602 i·eli'qi'0111'.s‚etiaiii
1631 1556 1765 1586 exem-

137 1625 286 1679 ptione,
320 1624 351 1665 si
386 1634 506 1664 casus
539 1622 656 1674 serat,
684 1620 908 1678 pri'rutus;
943 1624 981 1661 et
1015 1618 1052 1659 si
1087 1617 1263 1660 redierit
1295 1617 1344 1659 ad
1381 1616 1636 1670 religionem.
1661 1617 1763 1657 sicut

137 1709 161 1734 «
183 1692 304 1737 debet
338 1694 425 1736 sinc
470 1704 629 1735 mora»
666 1691 773 1748 (can.
811 1691 909 1742 645,
942 1689 969 1745 ξ
1006 1690 1062 1746 l).
1114 1688 1183 1731 1V0
1215 1693 1415 1746 perpetuo
1464 1692 1579 1729 earet
1633 1688 1764 1742 «ipso

134 1765 267 1807 iure»
307 1768 475 1820 propter
507 1764 753 1818 apostasiam
792 1775 883 1803 voce
916 1760 1053 1802 activa
1088 1766 1126 1801 et
1157 1760 1344 1817 passim,
1378 1773 1427 1800 ue
1456 1763 1679 1815 praeterea
1717 1756 1765 1798 ΥΟ

131 1834 234 1877 aliis
263 1833 412 1892 poenis
442 1846 520 1890 pro
551 1832 766 1889 pravitate
799 1831 947 1889 eulpae
980 1846 1004 1873 u
1040 1829 1339 1888 Superioritms
1370 1828 1519 1886 puniri
1563 1827 1676 1870 (lebet
1711 1828 1765 1870 af-

133 1906 301 1949 flictivts
335 1904 394 1948 vel
432 1906 652 1961 privativis
686 1903 789 1946 latae
813 1908 880 1946 aut
918 1902 1111 1946 serendae
1148 1903 1390 1944 sententiae.
1420 1914 1498 1942 uno
1531 1899 1684 1943 vei-bo:
1711 1898 1765 1941 ad

133 1990 323 2020 normam
356 1975 715 2019 constitutionum.

253 2047 350 2090 229.
387 2048 572 2093 Contra
603 2048 856 2103 fugitivos.
888 2071 946 2076 —
983 2043 1242 2087 ('‹1n.;9.'386.
1272 2041 1513 2098 Reliqiosus
1544 2040 1763 2098 suyi'tieus,

132 2119 316 2163 scilicet:
357 2134 379 2159 «
401 2120 486 2176 qui,
518 2120 606 2161 sine
629 2118 900 2173 Superiorum
937 2116 1114 2163 licentia.¹
1145 2115 1313 2158 domum
1353 2113 1585 2170 religiosam
1613 2112 1764 2155 deserit

131 2203 227 2234 cum
261 2192 400 2233 animo
433 2189 482 2232 ad
521 2189 762 2244 religionem
800 2187 1046 2231 redeundi»
1086 2187 1193 2238 (can.
1217 2185 1313 2232 645,
1347 2185 1376 2243 ξ
1410 2183 1488 2240 3⁰),
1524 2184 1613 2240 ipso
1637 2182 1762 2240 sueto,

135 2260 346 2318 verbaque
379 2265 473 2303 sunt
499 2259 765 2316 intelligenda
793 2262 829 2301 in
855 2257 1016 2301 duabus
1040 2259 1182 2314 poenis
1204 2255 1566 2313 subsequentibus7
1589 2267 1735 2309 nempe
1756 2269 1763 2295 :

131 2330 315 2374 incurrit
347 2330 388 2388 a)
421 2330 463 2373 in
497 2330 779 2388 privationem
803 2328 941 2387 officii,
964 2328 1002 2370 si
1025 2327 1134 2385 quod
1155 2327 1194 2369 in
1220 2326 1429 2383 reliyione
1453 2324 1602 2367 liabent
1641 2326 1762 2367 etiam

132 2401 213 2445 lato
246 2415 383 2456 sensu,
418 2401 649 2458 periculum
694 2403 803 2444 enim
848 2405 968 2450 esset,
1003 2401 1032 2441 si
1073 2412 1110 2440 v.
1150 2412 1210 2454 gr.
1257 2402 1469 2454 tamquam
1515 2408 1765 2439 oeconomus

133 2477 267 2529 posset
300 2472 438 2529 aliqua
472 2474 561 2515 iure
610 2472 758 2524 facere,
794 2470 835 2527 b)
870 2475 907 2513 et
944 2470 983 2512 in
1030 2467 1344 2526 suspensionem
1399 2482 1418 2507 «
1442 2479 1535 2510 cum
1573 2464 1765 2508 omnibus

131 2542 347 2587 ellectibus
379 2545 449 2601 qui
483 2545 521 2586 in
546 2541 775 2586 canonibus
800 2541 922 2598 (Art.i
949 2540 995 2583 lll
1032 2540 1081 2583 de
1105 2538 1394 2595 suspensione)
1418 2540 1716 2580 enumerantur
1740 2551 1758 2575 i>

130 2613 239 2669 (can.
274 2613 401 2663 2278,
435 2614 464 2672 ἓ
497 2615 541 2667 2)
573 2612 751 2671 proprio
801 2611 1023 2670 Superiori
1063 2609 1216 2652 maiori
1251 2613 1523 2659 reservatam,
1565 2609 1638 2650 etsi
1684 2619 1763 2649 non

131 2688 326 2740 exempto
359 2684 429 2728 sed
466 2684 670 2741 religiosis
702 2682 921 2737 clericalis,
957 2682 1078 2724 liuius
1112 2682 1220 2723 enim
1256 2692 1345 2722 esse
1379 2680 1628 2735 supponitur
1663 2677 1766 2732 sugi-

132 2755 243 2797 tivus
275 2757 544 2807 suspensione
594 2757 681 2811 ipso
727 2756 833 2797 tacto
884 2752 1127 2810 plectendus
1160 2750 1197 2793 si
1229 2749 1284 2793 sit
1318 2749 1362 2792 in
1401 2748 1567 2799 sueris;
1599 2747 1638 2804 c)
1674 2760 1762 2789 cuin

132 2829 271 2867 autem
306 2824 496 2880 redierit,
533 2830 653 2882 prout
690 2840 711 2865 «
733 2824 857 2868 debet
889 2826 977 2867 sine
1013 2834 1170 2865 mora»
1210 2821 1320 2878 (can.
1341 2818 1490 2876 645,§
1522 2818 1581 2875 1),
1611 2817 1763 2875 puniu-

133 2900 203 2938 tur
235 2895 462 2939 secundum
508 2895 842 2949 constitutiones,
876 2898 915 2937 et
948 2898 1007 2936 est
1059 2893 1360 2949 praescriptum
1396 2903 1417 2934 a
1452 2902 1608 2933 canone
1647 2889 1764 2944 puni-
