1981 3182
208 140 276 173 144
671 138 756 172 Llss.
786 138 831 172 V.
860 158 874 163 -
900 139 1010 173 PARS
1036 138 1087 173 II.
1118 159 1128 164 -
1154 139 1212 173 De
1231 141 1370 183 poenis
1510 139 1603 174 Can.
1630 139 1834 174 2268-2269
1961 135 1976 165 ζ

204 258 411 301 interdicti
447 257 498 300 ab
533 257 611 300 illis
644 259 803 300 servari
848 257 1009 308 debeat,
1044 257 1095 301 ob
1129 257 1335 313 duplicem
1382 257 1503 301 liuius
1530 256 1835 315 prohibitionis

205 330 388 383 moduni,
423 332 554 372 oritur
586 329 794 373 distinctio
827 342 950 386 quam
985 331 1044 372 sic
1077 330 1274 385 exprimit
1296 329 1322 385 ς’
1344 331 1386 371 2.
1416 327 1646 372 ΡφόΙιτῗόἱίίο
1680 324 1835 386 Ῐῖΐρθν-

201 403 311 444 sonis
344 400 407 443 rel
439 399 597 443 directe
625 414 703 457 per
735 399 1007 443 interdietmn
1047 400 1126 442 iain
1171 413 1219 442 ex
1267 413 1342 442 usu
1386 407 1426 442 et
1470 402 1633 456 proprie
1675 400 1831 444 dictum

201 471 440 530 personale,
464 471 644 515 scilicet:
678 485 769 514 eum
800 471 994 528 personis
1018 471 1137 528 ipsis,
1159 470 1370 527 baptizatis
1393 476 1432 513 et
1455 484 1547 513 cuni
1573 474 1833 515 contumacia

202 542 541 600 delinquentibus
585 556 684 585 usus
726 555 869 585 eorum
913 545 1024 585 iuxta
1064 554 1179 599 seqq.
1212 553 1392 584 canones
1424 541 1624 584 bonorum
1656 541 1833 585 interdi-

203 614 338 665 eesstm·;
372 613 430 658 vel
463 612 670 656 indirecte
693 626 887 670 personas
921 613 1062 656 tideles
1095 614 1260 668 attingit
1279 626 1357 670 per
1390 612 1657 655 interdictum
1683 627 1731 656 ex
1758 627 1831 656 usu

204 689 358 743 pariter
392 698 439 728 ac
471 685 708 741 specialiter
743 689 934 728 vocatum
969 684 1116 737 locale,
1147 683 1222 727 lioc
1256 689 1338 728 est:
1373 698 1464 726 eum
1496 684 1622 726 certis
1654 684 1698 726 in
1732 683 1833 727 loeis

203 759 332 800 sacris
364 756 514 810 solum,
552 756 614 799 vel
640 758 762 799 etiam
788 769 867 799 non
892 758 1034 805 sacris,
1063 754 1301 798 eormndem
1327 757 1557 798 mediorum
1582 755 1632 798 ad
1657 755 1831 798 salutem

203 827 466 885 dispensatio
503 830 539 870 in
577 829 775 870 ministris
808 826 870 869 vel
900 826 1113 884 perceptio
1136 840 1157 869 a
1182 826 1388 879 fidelibus,
1412 838 1519 884 quae
1543 830 1586 869 ut
1608 825 1831 883 plurimum

204 901 241 942 in
269 899 336 942 tali
363 913 437 942 usu
461 903 778 953 connectuntur,
813 903 980 940 vetatur
1014 900 1080 951 ita,
1107 903 1149 940 ut
1173 897 1238 940 illa
1263 898 1515 954 dispensatio
1538 909 1619 955 qua
1643 911 1741 941 usus
1764 897 1833 941 bo-

203 984 349 1013 norum
386 969 613 1013 formaliter
644 969 894 1013 inhibeatur.

322 1040 430 1095 Quin
456 1041 590 1085 obstet
613 1042 897 1097 interpretatio
929 1040 1039 1094 data,
1064 1043 1217 1097 optime
1242 1039 1442 1097 particula
1471 1039 1548 1094 vel⁷
1567 1039 1833 1093 disiunctiva,

203 1118 264 1156 est
297 1115 444 1156 canoni
482 1115 648 1157 inserta.
683 1112 749 1155 Sic
782 1114 891 1155 enim
928 1116 1066 1155 manet
1099 1111 1260 1155 salvum
1296 1124 1385 1168 cap.
1424 1112 1473 1153 16
1504 1127 1525 1152 α
1548 1111 1598 1154 de
1630 1113 1833 1154 sententia

203 1185 663 1236 excommunicationis,
687 1185 970 1239 suspensionis
1004 1187 1043 1225 et
1078 1182 1285 1226 interdicti
1309 1198 1328 1223 »
1353 1181 1418 1239 (V,
1444 1181 1512 1237 ll)
1533 1184 1569 1224 in
1592 1181 1650 1235 6⁰,
1668 1181 1833 1239 quando

204 1254 331 1297 Bonit'.
355 1253 441 1297 Vlll
475 1255 684 1299 decernit:
724 1270 746 1295 «
768 1255 806 1298 Si
842 1256 1043 1297 sententia
1080 1253 1554 1309 interdicti*proferatur
1587 1255 1624 1295 in
1660 1252 1832 1306 clerum,

204 1339 282 1369 non
319 1326 576 1382 intelligitur,
602 1328 678 1369 nisi
713 1325 823 1368 aliud
859 1327 908 1368 sit
943 1338 1185 1381 expressum
1222 1326 1259 1367 in
1285 1338 1345 1379 ea,
1368 1324 1610 1367 interdictus
1644 1323 1831 1380 populus,

203 1410 279 1441 nec
313 1400 434 1441 etiam
461 1411 482 1441 e
507 1411 723 1440 converso.
758 1396 874 1440 Unde
908 1409 989 1439 uno
1024 1396 1242 1439 interdicto
1276 1398 1472 1452 ipsorum,
1497 1395 1602 1438 alius
1635 1394 1744 1438 licite
1767 1394 1835 1438 ad-

205 1470 380 1511 mittitur
413 1469 463 1511 ad
499 1468 703 1511 divina».

323 1540 390 1582 97.
428 1542 675 1586 interdicti
718 1544 891 1586 auctor
934 1544 982 1586 et
1025 1542 1313 1585 subiectum.
1356 1564 1408 1568 —
1452 1539 1671 1594 Supposito
1716 1549 1832 1593 prae-

203 1613 356 1667 scripto
389 1614 560 1654 canonis
595 1612 721 1665 2220,
758 1615 998 1667 potestatem
1037 1611 1146 1653 illam
1184 1623 1337 1666 poenas
1370 1609 1615 1652 adnectendi
1655 1610 1832 1652 circum-

203 1682 345 1726 scribit
364 1696 440 1724 ean
475 1685 602 1725 3:²69
621 1683 798 1725 afferens
821 1682 942 1725 aliam
970 1681 1176 1725 interdicti
1201 1680 1545 1734 subdivisionem,
1563 1692 1686 1736 quam
1711 1678 1831 1722 simul

204 1754 388 1797 declarat
419 1754 447 1811 g
472 1757 506 1796 1.
528 1753 742 1797 Distinctio
776 1754 902 1797 afficit
937 1755 1068 1809 primo
1103 1753 1367 1796 interdictum
1406 1751 1533 1794 locale
1568 1753 1605 1793 in
1639 1749 1834 1807 generale

202 1830 241 1868 et
276 1824 538 1881 particulare,
573 1830 697 1881 atque
723 1838 795 1881 per
817 1824 966 1867 similia
1001 1825 1270 1879 distinguitur
1303 1822 1567 1865 interdictum
1605 1820 1832 1877 personale.

203 1896 328 1939 Porro
361 1895 563 1953 (fenerate
595 1895 867 1939 interdictioni
890 1895 930 1952 a)
957 1900 1042 1938 tam
1075 1893 1209 1938 locale
1244 1893 1461 1937 videlicet:
1498 1894 1540 1935 in
1570 1891 1834 1935 territorium

202 1967 405 2010 dioecesis
441 1972 483 2010 ut
518 1968 722 2010 inferioris
757 1967 898 2009 limitis
936 1966 1071 2023 quoad
1116 1965 1439 2009 ecclesiasticam
1485 1962 1833 2012 distributionem,

204 2037 476 2095 reipublicae,
499 2040 594 2095 quia
632 2040 762 2094 magis
796 2040 977 2094 practica
1013 2041 1055 2080 ut
1088 2036 1206 2079 limes
1228 2038 1430 2091 superior,
1450 2037 1525 2078 etsi
1548 2033 1834 2077 consideretur

207 2108 319 2151 velut.
351 2109 499 2159 civilis,
528 2108 569 2165 b)
605 2122 727 2166 quam
759 2107 984 2166 personale
1016 2107 1060 2150 iu
1090 2106 1292 2165 populum
1324 2105 1540 2157 dioecesis,
1562 2103 1832 2162 reipublicae,

203 2179 313 2237 ferri
347 2185 510 2222 titulum
541 2185 678 2237 polest
712 2193 761 2222 ex
797 2181 1078 2222 reservatione
1115 2180 1152 2219 vi
1190 2177 1309 2219 liuius
1343 2179 1512 2219 canonis
1535 2189 1560 2218 α
1584 2175 1688 2219 Sede
1726 2175 1831 2231 Apo-

204 2251 353 2293 stolira
398 2251 446 2293 ad
495 2264 680 2294 normam
726 2264 816 2293 can.
851 2251 891 2302 7,
927 2255 969 2293 ut
1004 2249 1184 2292 vidimus
1227 2248 1463 2304 exemplum
1506 2261 1577 2304 per
1609 2247 1648 2290 S.
1683 2245 1831 2301 Congr.

203 2321 536 2367 Consistorialeni
564 2322 592 2375 ¹,
627 2321 689 2364 rel
730 2321 780 2365 cle
823 2322 912 2364 eins
954 2320 1170 2372 mammo,
1215 2333 1293 2362 non
1338 2332 1458 2362 secus
1499 2331 1547 2361 ac
1589 2318 1835 2361 decreverat

203 2393 333 2437 Bonit'.
362 2392 446 2435 Vlll
482 2396 519 2435 in
556 2392 724 2436 Extrav.
751 2406 900 2436 comm.
925 2408 947 2433 «
970 2391 1148 2434 Provide
1172 2407 1191 2431 ))
1222 2393 1280 2433 tit.
1307 2406 1325 2430 ((
1349 2390 1400 2433 de
1432 2390 1634 2432 sententia
1667 2400 1830 2431 excom—

205 2466 496 2507 municationis
519 2480 558 2517 )),
596 2464 663 2507 ubi
700 2469 913 2522 postquam
962 2461 1172 2519 probibuit
1211 2461 1417 2519 quaedam
1463 2460 1591 2515 iutligi
1625 2458 1677 2502 ab
1709 2456 1832 2502 Ordi-

202 2538 329 2579 nariis
364 2536 596 2590 interdicta,
621 2538 679 2579 sic
716 2537 1001 2592 prosequitur:
1041 2533 1166 2576 «Nos
1199 2535 1306 2576 enim
1343 2545 1391 2575 ex
1426 2544 1537 2574 nunc
1570 2530 1835 2573 decernimus

202 2609 363 2649 irritum
399 2611 438 2650 et
473 2609 606 2661 inane,
631 2609 662 2649 si
687 2620 807 2650 secus
840 2606 1038 2649 hactenus
1071 2606 1205 2647 extitit
1239 2607 1496 2657 attentatum7
1520 2601 1579 2644 vel
1614 2602 1833 2656 contigerit

201 2680 408 2731 attentari,
455 2678 640 2734 illudque
690 2690 938 2721 revocamus
981 2678 1210 2718 omnino».
1246 2674 1295 2718 Et
1339 2673 1415 2717 lioc
1460 2671 1730 2729 repetendum
1774 2674 1832 2713 est

202 2750 336 2806 quoad
371 2748 624 2792 declaratam
659 2751 828 2792 canonis
861 2752 1034 2804 partem,
1068 2749 1256 2804 sequitur
1289 2747 1397 2788 enim
1432 2758 1480 2787 ex
1517 2749 1658 2786 tenore
1702 2755 1831 2784 reser-

322 2904 332 2924 1
364 2903 405 2936 10
432 2902 523 2936 Dec.
556 2901 658 2935 1913.
685 2901 759 2937 CO.
787 2901 831 2943 V,
858 2901 939 2935 517.
