1981 3182
182 142 227 175 30
656 143 739 176 Lus.
769 142 813 177 V.
839 163 852 168 -
877 143 987 177 PARS
1012 143 1044 177 Ι.
1073 164 1085 168 -
1112 143 1169 178 De
1193 145 1344 179 delictis
1599 144 1692 180 Can.
1718 145 1812 180 2209

180 262 323 306 lictum
358 267 742 317 communerantur,
772 265 912 318 primo
948 263 1162 318 mandans,
1196 264 1380 307 secundo
1424 265 1624 308 inducens
1656 266 1814 323 aliqua-

181 333 273 375 liter
302 333 356 392 *ad
393 332 507 375 illum
544 332 807 389 patrandum7
833 345 880 376 ac
904 332 1072 376 demum
1099 341 1257 389 partem
1292 333 1492 377 habentes
1523 335 1812 379 secundariam

181 406 219 446 in
253 406 553 460 exsequutione
589 403 710 445 illius.
738 403 943 459 lmpedire
977 408 1113 446 autem
1140 403 1289 447 delicta
1314 418 1393 447 non
1418 407 1603 448 omnium
1628 410 1689 448 est
1713 407 1815 457 iure,

180 476 373 532 quamvis
418 478 581 530 possent
625 474 675 516 de
719 475 840 528 tacto,
884 487 932 517 ac
975 474 1148 530 proinde
1196 477 1422 531 requiritur
1469 488 1634 533 quoque
1679 481 1720 519 ut
1763 477 1813 520 ad

181 545 493 601 impediendum
541 544 653 598 iliud,
685 557 763 587 non
809 544 940 587 solum
989 544 1214 600 moraliter,
1247 545 1318 589 sed
1363 558 1504 589 coram
1538 545 1721 590 Ecclesia
1756 552 1816 591 te—

182 620 369 659 neantur.
929 670 932 674 ¹

298 687 356 730 De
403 687 464 730 his
511 687 704 730 (minibus
747 690 986 731 successive
1024 700 1072 731 ac
1110 688 1331 732 ordinatim
1379 694 1602 745 pertractat
1646 693 1814 734 maximi

182 761 376 801 momenti
402 772 493 800 can.
516 761 658 801 2309.
684 759 876 802 Attamen
902 759 984 802 duo
1009 759 1258 816 paragraphi
1282 760 1547 804 considerant
1567 763 1679 817 prius
1699 774 1817 817 pecu-

182 829 305 872 liares
353 829 619 886 delinquendi
666 842 713 872 ac
757 829 899 873 delicti
949 830 1220 873 conditiones.
1253 832 1277 884 ξ,
1311 833 1346 873 1.
1385 829 1468 883 Qm'
1500 831 1708 874 communi
1743 846 1816 876 seu

183 905 324 942 mutuo
364 905 613 956 pertractato
653 899 927 958 delinquendi
965 900 1239 943 determinate
1277 900 1467 952 consilio,
1506 907 1545 944 et
1587 907 1817 958 acceptato,

182 970 270 1027 (seu
296 977 507 1027 assumpto
541 971 870 1029 aequipollenter
905 972 1035 1015 factis.
1073 976 1114 1014 ut
1149 974 1186 1014 in
1221 984 1310 1028 cap.
1341 972 1391 1015 18
1426 973 1528 1015 infra
1563 973 1817 1030 referendo),

182 1054 274 1085 nam
309 1045 519 1099 sequitur:
555 1042 595 1099 a)
631 1042 760 1085 simul
794 1045 831 1084 in
869 1042 977 1085 illius
1010 1045 1349 1100 consequentiam
1396 1048 1519 1100 atque
1555 1043 1596 1100 b)
1629 1043 1816 1102 physice,

181 1126 303 1169 opera
349 1127 498 1169 nempe
543 1127 754 1167 manuum,
793 1114 1031 1169 verborum,
1065 1116 1331 1170 scriptorum,
1364 1119 1441 1159 etc.
1478 1128 1550 1171 pro
1584 1114 1688 1171 legis
1723 1129 1816 1171 poe-

182 1183 285 1227 nalis
317 1183 478 1227 obiecto
513 1185 682 1227 diverso
716 1190 972 1227 concurrum
1007 1189 1202 1241 tanquam
1237 1187 1336 1228 socii
1361 1185 1402 1227 in
1428 1184 1624 1228 delictum
1652 1188 1817 1242 proprie

182 1255 337 1298 dictum
375 1256 691 1312 perficiendum,
717 1258 812 1313 quia
847 1262 886 1299 et
920 1255 1002 1299 doli
1038 1269 1116 1298 non
1151 1261 1357 1312 expertes,
1382 1261 1419 1299 et
1446 1256 1681 1300 violationis
1715 1256 1817 1314 legis

183 1328 402 1383 participes
435 1329 631 1381 existunt⁷
668 1341 808 1369 omnes
840 1326 981 1369 eodem
1015 1326 1134 1370 modo
1168 1340 1309 1370 coram
1344 1326 1436 1383 lege
1469 1340 1516 1371 ac
1550 1330 1588 1370 in
1625 1329 1712 1370 foro
1746 1328 1818 1372 Ec-

182 1397 332 1440 clesiae
365 1402 538 1441 externo
572 1398 637 1440 rei
672 1398 781 1441 illius
816 1397 1139 1448 mmmm-,nisi
1170 1399 1305 1456 quoad
1343 1412 1578 1442 mensuram
1615 1398 1817 1442 adiuncta

181 1471 519 1512 convenientium
557 1471 594 1511 in
632 1469 831 1512 delictum
856 1473 894 1512 et
919 1471 1047 1525 partis
1065 1474 1319 1525 assumptae,
1343 1475 1436 1523 etc„
1461 1469 1658 1522 alicuius,
1690 1470 1815 1515 idest:

181 1539 448 1595 singulariter
481 1542 603 1583 unius
637 1540 864 1583 alteriusve
898 1539 1234 1596 melpabililatem
1269 1541 1504 1594 iuridicam,
1533 1554 1605 1584 seu
1641 1544 1816 1597 imputa-

181 1609 380 1654 bilitatem
407 1617 591 1667 auqeant
624 1611 687 1653 vel
722 1611 915 1654 mimmnt
948 1612 1179 1654 secundum
1215 1611 1536 1668 applicationem
1571 1612 1818 1668 praeceden-

183 1683 283 1724 tium
318 1694 523 1725 canonum
559 1682 680 1725 huius
713 1682 850 1725 Tituli.
884 1682 998 1725 Haec
1031 1695 1175 1725 norma
1210 1682 1529 1738 applicationem
1566 1686 1818 1727 nanciscitur

183 1752 432 1809 generaliter
464 1756 573 1796 circa
599 1753 761 1809 singula
786 1753 949 1805 delicta,
975 1765 1081 1810 quae
1121 1758 1428 1810 persequuntur
1461 1766 1640 1797 canones
1672 1756 1817 1797 tertiae

184 1826 310 1880 partis
333 1824 455 1867 huius
479 1823 602 1868 Libri.
628 1824 894 1881 Quapropter
927 1827 1087 1867 etiamsi
1125 1830 1242 1880 prout
1278 1824 1544 1878 intendimus,
1565 1827 1815 1868 mentionem

183 1894 305 1938 huius
326 1895 366 1953 §i
392 1908 617 1952 numquam
647 1895 709 1938 vel
744 1896 829 1938 fere
863 1908 1089 1952 numquam
1125 1900 1221 1938 tunc
1246 1896 1458 1950 faciemus,
1483 1896 1815 1939 commendatam

183 1968 241 2009 sic
276 1965 385 2009 illam
423 1969 690 2019 retineamus,
726 1972 768 2009 ut
802 1980 823 2009 e
857 1968 1057 2009 memoria
1091 1980 1169 2009 non
1205 1967 1383 2011 excidat.

303 2036 332 2080 E
366 2042 507 2080 contra
548 2037 767 2080 nonnullos
811 2051 953 2080 eorum
1000 2049 1205 2080 canonum
1252 2040 1416 2094 respicit
1450 2038 1478 2096 ἓ
1508 2040 1552 2081 L).
1588 2037 1632 2081 1η
1666 2037 1818 2082 delicto

183 2108 232 2151 ad
270 2121 456 2151 normam
500 2111 625 2151 totius
670 2122 759 2152 can.
798 2108 926 2163 2195,
960 2107 1070 2165 quod
1101 2122 1178 2150 sua
1213 2114 1384 2159 natura,
1419 2123 1497 2152 non
1531 2109 1663 2152 solum
1699 2121 1817 2152 occa-

183 2179 408 2231 sionaliter,
428 2179 666 2236 complicem
690 2194 762 2223 seu
787 2183 944 2223 socium
980 2179 1030 2222 ad
1067 2179 1165 2222 illud
1203 2180 1448 2236 patrandum
1472 2179 1675 2237 postulat,
1698 2193 1734 2220 v.
1755 2193 1816 2236 gr.

183 2250 497 2304 concubinatus³
523 2251 648 2293 editio
675 2251 782 2304 libi-i,
807 2251 973 2308 quando
1006 2251 1141 2293 editor
1173 2251 1393 2294 distinctus
1415 2256 1476 2294 est
1499 2264 1519 2294 a
1543 2251 1816 2307 typographo,

186 2335 459 2378 mquzaeque
477 2335 595 2378 pars,
618 2322 745 2365 idest:
780 2321 931 2377 singuli
966 2324 1065 2365 socii
1091 2322 1139 2364 ad
1167 2321 1265 2364 illud
1293 2321 1489 2365 delictum
1517 2322 1814 2378 perficiendum

185 2395 420 2442 necessarii,
461 2399 521 2435 est
555 2393 696 2436 eodem
732 2392 850 2436 modo
889 2407 960 2436 seu
994 2393 1222 2449 aequaliter
1269 2393 1403 2450 quoad
1455 2391 1814 2449 imputabilitatem

185 2462 409 2520 culpabilis
443 2478 580 2507 coram
618 2464 817 2518 Ecclesia,
852 2478 923 2507 seu
962 2467 998 2506 in
1033 2466 1136 2517 iure,
1170 2464 1256 2506 wisi
1288 2478 1339 2506 ear
1371 2463 1587 2506 adiunctis
1619 2477 1690 2506 seu
1735 2466 1817 2506 sin-

185 2534 376 2591 gulorum
414 2535 649 2578 huiusmodi
684 2535 929 2579 delictorum
970 2538 1293 2578 circumstantiis
1326 2534 1448 2578 aliud
1481 2536 1607 2578 idest:
1652 2535 1817 2578 diversa

185 2605 516 2661 immutabilitatis
542 2619 733 2649 mensura
759 2620 831 2663 pro
855 2606 994 2663 aliquo
1019 2605 1222 2662 complice
1245 2611 1465 2663 appareat.
1493 2605 1604 2649 Haec
1627 2607 1816 2661 exceptio

186 2689 373 2719 normam
410 2681 450 2719 ut
488 2676 710 2732 plurimum
747 2679 966 2720 constituet
1003 2679 1041 2719 in
1076 2676 1354 2732 complicitate
1388 2676 1650 2721 occasionali,
1689 2689 1724 2716 v.
1755 2689 1816 2731 gr.

185 2747 234 2790 ad
272 2748 578 2803 procurandum
614 2747 820 2791 abortum.
861 2747 1013 2791 Notare
1052 2750 1167 2791 iuvat
1216 2747 1323 2791 hanc
1374 2747 1678 2804 paragraphum
1726 2760 1815 2789 esse

185 2817 575 2873 subintelligendam
613 2820 1034 2876 praecipue,quando
1059 2818 1241 2874 poenalis
1275 2832 1404 2862 canon
1439 2818 1634 2861 delictum
1661 2818 1816 2860 directe

170 2891 341 2945 puniat,
378 2891 637 2946 potiusquam
675 2892 855 2932 nominet
892 2903 1087 2946 personas
1120 2890 1421 2945 delinquentes,
