1981 3182
1 0 304 99 pyr-(ww)
326 0 331 12 t
351 0 417 5 ·--“<
449 0 459 6 *-
492 0 495 1 ν

18 119 29 130 '-

119 134 212 170 Cnn.
239 134 332 169 2314
492 134 574 167 'sir
605 134 676 168 XI.
706 155 718 162 -
744 136 800 171 De
826 137 976 171 delictis
1001 139 1139 170 contra
1164 138 1279 181 fidem
1305 140 1371 173 etc.
1673 139 1741 172 201

121 254 158 294 in
192 254 278 295 toro
312 255 471 295 interno
496 253 585 310 (seu
619 253 929 310 conscientiae),
948 253 1173 306 absolutus,
1194 259 1350 298 remoto
1383 255 1591 309 scandalo,
1612 259 1741 312 potest

120 324 174 365 uti
208 322 331 366 talem
366 336 408 365 se
442 322 594 366 habere
638 325 760 366 etiam
795 326 832 366 in
867 323 1028 366 actibus
1069 325 1144 366 fori
1178 327 1359 378 externi3
1404 325 1491 380 sed,
1527 328 1600 368 nisi
1645 339 1740 369 cou-

116 395 246 436 cessio
279 392 548 436 absolutionis
582 393 778 449 probetur
810 399 880 436 aut
902 394 1046 437 saltem
1075 394 1256 450 legitime
1281 400 1568 450 praesumatur
1591 398 1629 438 in
1654 397 1742 439 soro

118 468 302 517 externo,
326 476 500 506 censura
538 468 667 519 potest
700 477 721 507 3
745 463 1038 520 Superioribus
1072 466 1144 506 l'ori
1178 467 1353 518 externi,
1376 465 1526 521 quibus
1561 479 1654 509 reus
1678 479 1742 522 pa-

119 547 210 577 rere
243 533 378 584 debet,
416 536 568 590 urgeri,
603 534 733 577 donec
768 533 974 578 absolutio
1010 537 1046 576 in
1082 535 1227 577 eodem
1261 536 1347 577 foro
1381 535 1518 579 habita
1560 537 1679 579 suerit
1701 553 1741 580 ».

117 603 260 646 Merito
285 606 410 660 igitur
433 605 483 647 de
508 604 584 647 hac
607 605 746 647 subdit
766 617 911 658 canon,
931 618 1053 661 quem
1074 610 1426 648 commentamur:
1454 606 1499 649 Si·
1519 612 1652 648 (crinea
1678 606 1742 649 de-

117 673 259 716 lictum
281 674 536 731 apostasiae,
552 673 739 716 haeresis
758 673 821 716 rel
839 673 1080 717 schismatis
1098 674 1352 718 declaratum
1373 689 1510 731 supra.
1531 676 1585 718 acl
1602 675 1741 732 forum

116 749 334 786 externum
353 744 603 800 explicatum
631 747 668 787 in
694 744 1002 788 Commentario
1025 744 1178 788 Textus
1201 746 1251 788 ad
1277 758 1366 789 can.
1396 746 1489 798 196,
1519 745 1743 789 Orclirzarii

115 814 196 858 loci
218 818 341 858 etiam
367 829 462 871 prae
486 815 708 871 Superiore
733 817 878 858 maiori
904 811 1114 871 religionis
1138 816 1342 859 clericalis
1365 822 1582 872 exemptae
1605 818 1740 874 quoad

117 884 237 928 liuius
269 885 455 928 subditos
489 885 597 942 (can.
628 886 721 934 198,
746 885 773 943 ἓ
798 884 856 942 2),
890 888 1039 943 quovis
1075 886 1194 929 modo
1227 885 1449 929 deductam
1488 885 1637 943 fuerit,
1679 886 1739 930 iel

115 955 365 999 iudicialiter
409 955 470 998 vet
515 956 899 1010 extraindicialiter,
937 957 1268 1011 denunciatione,
1302 962 1373 1000 aut.
1410 957 1535 999 etiam
1567 971 1644 1014 per
1675 972 1741 1000 ro-

115 1026 350 1069 luntariam
384 1025 685 1083 consessionem
719 1027 1201 1081 extrasacramentalem,
1236 1030 1288 1070 ita
1323 1032 1365 1070 ut
1398 1027 1448 1070 de
1487 1040 1533 1070 ea
1572 1033 1742 1081 constet,

115 1096 223 1139 idem
260 1095 520 1139 Ordz'narias
555 1097 646 1147 loci,
681 1097 751 1140 sed
786 1111 879 1141 cum
913 1100 1100 1154 sequenti
1136 1097 1401 1141 limitatione:
1438 1112 1515 1141 non
1553 1112 1644 1141 vero
1680 1097 1741 1141 1⁷1·-

114 1167 256 1210 carz'us
285 1167 500 1223 yeneralis
533 1168 624 1209 sine
649 1167 847 1211 rrzcmdalo
871 1168 1062 1225 speciali,
1094 1169 1203 1225 quod
1230 1173 1364 1211 tamen
1390 1171 1426 1212 ei
1452 1169 1624 1225 proinde
1653 1169 1740 1212 dari

116 1243 259 1294 potest,
283 1239 324 1295 a)
348 1238 674 1295 resipiscentem,
698 1252 769 1281 seu
800 1254 819 1279 «
844 1252 863 1281 a
899 1242 1158 1282 contumacia
1196 1239 1455 1282 recedentem
1481 1255 1521 1292 »,
1547 1244 1587 1282 ut
1618 1252 1742 1295 supra

115 1309 369 1353 declaratum
405 1315 477 1364 est,
504 1309 546 1366 b)
567 1310 742 1367 praei-ia
777 1310 1024 1353 absolutioni
1059 1309 1325 1352 abiuratioae
1347 1323 1418 1353 seu
1452 1313 1742 1353 retractatione

118 1394 189 1436 pro
220 1379 462 1423 diversitate
498 1380 680 1423 haeresis
713 1386 782 1423 ant
815 1382 1000 1424 criminis
1044 1383 1311 1437 praescripta,
1344 1380 1487 1423 saltem
1533 1383 1741 1424 communi

117 1454 229 1494 iuxta
279 1450 404 1494 libros
453 1451 680 1507 liturgicos,
714 1451 897 1494 iuridiee
931 1457 1121 1509 peracta,
1154 1454 1259 1495 sicut
1309 1453 1410 1494 intra
1459 1451 1735 1508 explicabitur

116 1521 156 1577 c)
189 1520 371 1578 aliisque
402 1521 581 1564 serratis
602 1521 665 1564 ,de
698 1522 791 1564 ίαν-θ
823 1521 1055 1579 servandi&
1077 1525 1188 1565 iuxta
1224 1523 1410 1566 rubricas
1433 1522 1483 1566 de
1506 1522 1582 1565 hac
1608 1536 1745 1565 recon-

117 1592 338 1643 ciliatione,
374 1597 496 1650 atque
531 1595 718 1648 imposita
755 1598 839 1636 tum
882 1595 1129 1649 poenitentia
1173 1593 1357 1646 salutari,
1391 1598 1475 1636 tum
1516 1609 1537 1634 α
1560 1606 1742 1649 congrua

115 1663 391 1717 satisfactione
435 1677 507 1720 pro
551 1664 712 1706 damnis
755 1668 793 1707 et
824 1664 1019 1707 scandalo
1042 1680 1082 1718 )),
1116 1669 1238 1721 atque
1271 1664 1365 1707 dato
1401 1664 1607 1717 mandato,
1641 1668 1672 1707 si
1707 1666 1742 1707 ei

115 1733 229 1777 locus
256 1728 320 1776 'sit
360 1736 397 1776 in
442 1747 552 1783 casu,
588 1749 664 1777 saa
697 1735 954 1778 auctoritate
985 1734 1224 1787 ordinaria,
1256 1738 1352 1792 quin
1403 1748 1505 1791 opus
1552 1748 1650 1791 ergo
1693 1738 1742 1778 sit

115 1804 289 1848 alicuius
338 1807 597 1848 interventus
648 1806 765 1849 Sedis
798 1805 1063 1862 Apostolicae
1099 1805 1274 1849 buiusve
1324 1806 1539 1861 facultatis,
1573 1806 1614 1848 'in
1648 1805 1742 1863 foro

115 1875 325 1918 emoriere
357 1875 569 1919 absolvere
599 1882 736 1933 polest
774 1892 794 1917 «
818 1876 869 1919 ab
892 1879 1322 1920 excommunicatione
1346 1877 1396 1919 de
1418 1889 1497 1934 qua
1524 1879 1560 1919 in
1584 1876 1630 1934 ἕο
1657 1877 1673 1919 1
1702 1893 1741 1931 n,

115 1959 221 2003 quae
249 1961 270 1987 «
293 1946 496 1989 absolutio
531 1952 753 2004 utrumque
787 1948 918 1990 forum
954 1948 1078 1989 allicit
1103 1964 1122 1987 J>
1147 1948 1254 2003 (can.
1282 1947 1428 2003 2251),
1452 1947 1560 1990 unde
1584 1950 1621 1990 in
1645 1959 1742 1990 casu

114 2018 237 2059 etiam
272 2017 380 2074 quod
414 2017 617 2061 absolutio
651 2018 837 2061 eiusdem
863 2034 884 2059 «
909 2020 945 2060 in
982 2019 1068 2060 l'oro
1101 2020 1378 2061 conscientiae
1403 2034 1421 2058 ))
1446 2031 1525 2061 nou
1562 2030 1743 2074 praeces-

114 2089 225 2130 serit.
253 2113 304 2118 ——
334 2086 421 2131 Hac
456 2088 505 2131 de
540 2101 664 2131 cansa
697 2094 929 2145 opportune
961 2089 1150 2131 additur:
1187 2088 1246 2131 ila
1282 2102 1374 2131 cero
1408 2088 1621 2131 absolutas
1660 2104 1677 2129 «
1703 2091 1740 2131 in

116 2159 205 2201 foro
236 2160 442 2202 exteriore
466 2174 506 2209 »,
528 2164 666 2216 polest
698 2158 850 2202 deinde
883 2159 994 2216 (nam
1033 2161 1145 2215 prius
1183 2162 1367 2216 «nequit
1401 2158 1559 2203 absolvi
1595 2172 1614 2202 3
1650 2172 1742 2215 pec-

115 2231 217 2272 catis
238 2245 277 2280 »‚
311 2242 401 2272 can.
438 2229 565 2281 2250,
599 2232 624 2283 ἓ
658 2229 701 2286 ⁶2)
734 2244 759 2271 (ι
789 2235 958 2286 peceato
997 2232 1283 2285 «apostasiae,
1317 2230 1498 2273 haeresis
1540 2229 1601 2272 vel
1635 2230 1744 2273 schi-

114 2302 317 2351 sinatis»,
361 2305 502 2356 utpote
541 2314 619 2343 non
666 2305 879 2344 reservato
929 2303 1002 2343 nisi
1054 2303 1210 2344 ratione
1258 2314 1472 2348 censurae.
1517 2299 1675 2343 absolvi
1717 2315 1741 2343 a

115 2369 295 2427 quolibet
328 2370 604 2428 confessario,
638 2371 765 2415 idest:
800 2372 1331 2415 sacerdoteiurisdictione
1365 2384 1461 2428 erga
1496 2385 1588 2414 eum
1627 2384 1741 2427 prae-

115 2441 199 2484 dito
223 2441 271 2484 ad
299 2453 483 2484 normam
509 2454 599 2485 can.
620 2442 718 2495 871,
738 2442 834 2497 8702,
857 2442 1062 2496 874-876,
1084 2442 1123 2484 in
1143 2442 1237 2499 foro
1257 2442 1548 2493 conscientiae,
1570 2455 1739 2498 nempe:

121 2526 139 2551 (t
163 2511 451 2555 sacramentali
477 2528 496 2553 »
527 2517 693 2568 propter
726 2511 996 2556 absolutionis
1030 2512 1528 2558 materiam.—-Demum
1564 2512 1743 2568 explicat

115 2594 269 2625 canon:
303 2582 524 2625 Abiaratio
561 2596 652 2625 cero
692 2598 710 2623 «
737 2585 951 2639 praevia»
991 2584 1040 2627 de
1073 2596 1152 2641 qua
1195 2596 1320 2639 supra
1355 2582 1530 2626 habetur
1563 2582 1743 2625 iarisliee

113 2658 287 2709 peraeta
321 2658 487 2709 propter
535 2653 641 2696 hanc
690 2666 856 2710 quoque
896 2653 997 2710 legis
1030 2654 1366 2708 declarationem,
1402 2668 1493 2696 eum
1525 2653 1570 2709 fit
1603 2666 1742 2696 eoram

115 2725 152 2775 a)
184 2722 274 2779 ipso
312 2722 543 2766 Ordinario
579 2723 660 2766 loci
692 2724 742 2767 de
777 2736 857 2780 quo
890 2737 1028 2780 supra,
1055 2727 1177 2767 etiam
1209 2743 1223 2763 «
1251 2737 1390 2768 coram
1429 2723 1590 2767 Vicario
1623 2736 1744 2779 gene-

116 2792 189 2836 rali
213 2794 284 2837 sed
309 2808 401 2837 cum
440 2795 632 2838 mandato
665 2793 834 2850 speciali
859 2810 878 2835 ›)
907 2795 956 2838 ad
984 2796 1206 2851 praefatam
1233 2795 1547 2849 absolutionem,
1569 2793 1631 2836 vel
1654 2794 1743 2836 eius

17 2870 24 2905 t
115 2862 419 2907 alteriusntrius
466 2864 657 2921 cleleqato
691 2864 739 2907 ad
774 2864 902 2907 solam
949 2866 1229 2922 recipiendam
1274 2865 1592 2918 abiurationem,
1626 2863 1668 2920 b)
1702 2869 1740 2906 et
