1981 3182
185 143 255 177 324
634 149 761 174 INDEX
787 149 979 175 GANONUM
1005 150 1056 174 ET
1082 148 1363 174 COMMENTARII

180 319 237 352 De
264 316 576 363 imputabilitate
603 317 741 351 delicti
770 344 776 350 .

181 377 271 411 Doli
298 377 409 411 notio
438 404 444 410 .

181 436 368 470 Defectus
395 436 558 479 perfecti
586 447 681 470 usus
706 435 886 469 rationis.

179 495 237 529 De
264 495 514 540 ignorantiae
542 494 699 528 influxu
725 493 852 539 quoad
879 493 1234 539 imputabilitatem

177 554 478 599 Imputabilitas
504 565 552 588 ex
579 553 790 588 omissione
817 553 971 587 debitae
999 553 1231 596 diligentiae

180 614 238 647 De
265 613 421 647 delictis
447 624 657 658 puerorum

182 674 239 707 De
265 672 338 712 his,
366 684 464 717 quae
492 672 530 706 vi
558 675 765 717 metusque
791 683 909 708 causa
934 671 1038 705 fiunt
1100 699 1105 704 .

181 731 383 765 Passionis
410 731 587 765 influxus
613 730 739 776 quoad
767 730 1121 776 imputabilitatem

181 791 512 826 Circumstantiae
539 790 806 835 quantitatem
833 790 969 824 delicti
995 793 1189 834 augentes
1211 815 1217 822 .

184 851 243 884 De
268 848 440 883 recidivo
466 860 509 882 ac
535 848 683 894 pluries
711 847 966 893 delinquente
990 877 994 881 .

180 907 238 941 De
265 907 328 941 his
354 907 422 952 qui
448 911 598 952 partem
625 906 774 941 habent
801 907 842 940 in
869 906 1012 940 delicto
1039 917 1107 940 seu
1133 905 1179 939 de
1211 905 1362 939 conreis
1433 934 1438 938 .

181 966 426 1000 Delictorum
452 966 640 1000 iuridicae
667 965 846 1010 sequelae
879 992 885 999 .

181 1026 238 1061 De
265 1025 508 1071 obligatione
534 1025 674 1059 damna
699 1023 938 1059 resarciendi
991 1051 997 1057 .
1058 1065 1063 1069 ἱ
1103 1052 1108 1057 .

866 1159 1051 1196 Tl'rULUS
1080 1159 1133 1195 ΙΙΙ.

798 1233 854 1267 De
880 1234 1030 1267 conatu
1061 1231 1209 1266 delicti.

181 1315 358 1350 Canones
383 1314 489 1357 2212,
517 1312 611 1346 2213
663 1341 669 1347 .

182 1374 396 1419 Inscriptio
422 1372 549 1406 Tituli
880 1397 886 1403 .
991 1397 996 1402 .

181 1434 239 1468 De
265 1435 409 1467 conatu
436 1431 570 1465 delicti
596 1442 639 1464 ac
665 1430 711 1464 de
738 1428 928 1463 frustrato
962 1428 1106 1462 delicto

182 1493 239 1527 De
265 1491 555 1537 praedictorum
579 1493 742 1524 actuum
769 1487 1081 1533 imputabilitate
1103 1514 1109 1521 .

785 1643 923 1680 PARS
955 1639 1219 1679 SECUNDA.

844 1732 918 1774 De
952 1730 1157 1784 Poenis.

885 1875 1064 1911 SEGTIO
1093 1876 1123 1910 Ι.

719 1955 786 1998 De
818 1954 978 2009 poenis
1010 1954 1059 1996 in
1096 1961 1280 2006 genere.

189 2045 323 2080 Canon
350 2045 455 2078 2214.

188 2104 254 2138 Ius
281 2115 349 2138 seu
374 2106 549 2148 potestas
577 2101 775 2136 Ecclesiae
801 2100 1014 2134 coercitiva

188 2163 342 2198 Divisio
370 2162 565 2196 Sectionis
592 2162 634 2195 in
661 2160 805 2195 titulos

872 2292 1058 2329 TiTULUS
1084 2291 1140 2328 lv.

430 2374 486 2407 De
516 2381 738 2414 poenarum
770 2371 945 2411 notione,
975 2368 1209 2411 speciebus,
1242 2367 1573 2410 interpretatione

783 2432 908 2471 atque
933 2427 1223 2471 applicatione.

189 2510 369 2544 Canones
394 2509 598 2543 2215-2219
665 2535 671 2541 .

189 2568 315 2602 Tituli
342 2568 548 2612 inscriptio
574 2579 617 2601 ac
643 2566 736 2601 ordo
762 2577 956 2600 canonum
997 2592 1004 2598 .

189 2628 309 2662 Notio
332 2654 338 2661 .

191 2687 378 2731 Suprema
404 2686 548 2720 divisio
575 2696 788 2730 poenarum

189 2745 378 2779 Diversae
404 2755 618 2789 poenarum
645 2742 996 2777 denominationes.

191 2804 248 2838 De
274 2804 410 2848 poenis
438 2802 691 2837 decernendis

193 2863 250 2897 De
276 2874 489 2908 poenarum
516 2861 842 2907 interpretatione
892 2889 897 2894 .

1610 266 1652 288 CA
1658 267 1688 287 N.
1730 266 1811 288 PAG-

1541 344 1547 350 .
1599 317 1693 351 2199

1768 318 1812 350 14

1542 402 1548 409 .
1600 376 1694 409 2200
1769 378 1812 411 15

1542 460 1548 468 .
1600 435 1693 468 2201
1769 436 1811 471 17

1540 521 1546 526 .
1599 493 1692 527 2202
1769 494 1812 528 18

1541 579 1547 585 .
1600 552 1694 587 2203
1766 553 1812 586 20

1541 640 1546 644 .
1600 611 1693 645 2204
1766 613 1810 645 21

1543 699 1547 703 .
1601 671 1694 704 2205
1766 671 1811 704 22

1542 757 1548 763 .
1601 729 1694 763 2206
1767 730 1812 764 25

1543 815 1549 822 .
1601 787 1694 822 2207
1766 788 1812 822 26

1543 873 1548 879 .
1601 846 1695 879 2208
1766 847 1812 881 28

1542 931 1548 937 .
1600 904 1694 938 2209
1766 905 1812 939 29

1542 990 1549 997 .
1601 964 1695 998 2210
1766 964 1812 998 36

1543 1050 1548 1056 .
1601 1024 1692 1057 2211
1767 1024 1812 1059 39

1767 1308 1813 1342 39

1545 1453 1552 1460 .
1603 1427 1697 1459 2212
1769 1426 1815 1459 40

1545 1511 1552 1519 .
1603 1484 1698 1518 2213
1768 1485 1813 1518 41

1551 2065 1558 2071 .
1771 2036 1817 2070 43

1546 2124 1553 2131 .
1605 2097 1699 2131 2214
1770 2096 1817 2129 44

1771 2155 1817 2188 46

1772 2502 1817 2537 47

1549 2588 1555 2595 .
1786 2576 1801 2592 D

1546 2648 1553 2655 .
1605 2622 1698 2655 2215
1772 2620 1818 2654 48

1549 2707 1555 2714 .
1608 2679 1700 2713 2216
1787 2695 1800 2709 »

1548 2764 1555 2772 .
1607 2738 1699 2772 2217
1773 2737 1819 2771 50

1550 2825 1555 2830 .
1608 2797 1701 2830 2218
1773 2797 1816 2830 51

1549 2884 1556 2891 .
1607 2856 1700 2890 2219
1773 2855 1818 2889 54

1879 0 1969 251 i

1957 2764 1965 2794 ,p
