1981 3182
191 137 258 171 176
650 135 734 169 L1B.
764 135 810 168 V.
840 155 850 161 -
879 135 989 170 PARS
1014 136 1066 170 II.
1095 155 1108 160 -
1135 135 1192 170 De
1211 138 1350 180 poenis
1494 136 1584 172 Can.
1613 137 1819 172 aizal-2293

189 259 269 311 pta,
313 267 419 312 quae
464 253 657 297 videlicet
699 253 861 309 singula
911 252 1115 309 Ecclesia,
1156 254 1287 298 idest:
1323 267 1394 310 per
1429 254 1548 297 huius
1595 255 1815 313 Praetatos,

188 324 451 376 concesserit,
498 337 569 367 seu
615 329 655 367 ut
702 324 924 380 plurimum
971 338 1041 380 per
1084 325 1217 367 officia
1266 324 1383 367 Sedis
1431 325 1718 380 Apostolicae:
1761 352 1818 358 —

190 397 262 439 19ο
299 394 457 439 ,llulcta
491 395 741 452 pecuniaria
777 397 814 437 in
849 394 1081 451 Superioris
1105 395 1416 450 dispositionem
1450 395 1663 440 solvenda.

311 466 406 509 124.
445 468 663 511 privatio
697 468 830 512 sedis
863 470 915 511 ut
937 468 1171 511 laicorum
1206 480 1370 521 poena
1401 479 1472 509 seu
1506 470 1738 511 communis
1761 468 1817 511 di-

187 539 400 595 gnoscitur
434 549 483 579 ex
518 549 610 591 cap.
646 537 668 579 9
708 552 730 577 a
753 536 803 579 de
836 536 1099 579 haereticis»
1138 534 1202 592 (V,
1229 537 1281 590 Ἰ).
1307 536 1472 593 quando
1489 539 1545 579 ait
1568 537 1717 581 Lucius
1741 538 1813 581 lll:

191 624 213 648 (ι
236 606 392 651 Civitas
426 611 563 649 autem
598 619 704 663 quae
738 606 800 649 his
834 609 1028 649 institutis
1061 607 1210 648 dixerit
1246 606 1547 649 resistendum:
1586 607 1647 650 vet
1673 612 1814 651 contra

186 679 551 721 commonitionem
588 676 778 733 Episcopi
815 679 959 734 punire
1004 677 1230 733 neglexerit
1265 679 1559 723 resistentes...
1591 678 1812 734 episcopali

186 762 229 792 se
263 750 425 791 noverit
459 749 659 804 dignitate
695 749 1002 803 privandam».
1039 748 1071 790 A
1105 761 1186 804 quo
1220 747 1366 790 similis
1399 750 1575 804 privatio
1604 748 1815 805 dignitatis

186 820 354 863 decerni
383 823 518 876 queat,
545 833 636 861 ean.
659 821 786 862 9999
809 819 987 861 ostendit
1010 819 1164 862 dicens.
1192 818 1389 861 Poenalis
1413 818 1453 875 a)
1473 819 1714 876 suppressio
1740 825 1814 862 aut

187 890 228 947 b)
265 890 491 933 translatio
525 890 601 933 sub
634 890 693 932 nf'
728 889 772 931 30
807 902 941 945 praec.
979 895 1152 946 utraque
1186 890 1395 932 declarata
1414 888 1526 932 seclis
1548 889 1813 947 episcopalis,

188 963 319 1005 idest:
356 961 604 1004 residentiae
639 974 710 1017 pro
749 960 933 1003 Praelalo
967 959 1237 1016 obligatoriae
1272 963 1308 1002 in
1332 960 1400 1004 tali
1435 963 1617 1010 civitate,
1641 966 1701 1003 est
1732 959 1811 1004 Ro-

185 1047 308 1076 mano
347 1031 538 1088 Pontifici
570 1036 786 1073 reservata
825 1032 861 1072 ri
897 1029 1019 1073 huius
1052 1033 1221 1074 canonis
1253 1034 1521 1087 congruentis
1544 1034 1689 1074 canoni
1715 1031 1812 1084 215,

184 1116 289 1160 quae
314 1108 450 1146 tamen
476 1102 673 1146 alterutra
698 1102 936 1145 decernitur
956 1116 1027 1157 per
1045 1103 1080 1145 S.
1102 1101 1251 1158 Congr.
1276 1101 1608 1145 Consistorialem
1634 1102 1813 1147 aliamve

184 1176 234 1218 de
271 1173 539 1230 Propaganda
575 1173 672 1216 Fide
692 1186 764 1230 pro
798 1185 940 1216 earum
967 1175 1211 1220 territoriis;
1246 1173 1358 1215 sestis
1381 1179 1517 1215 autem
1540 1173 1812 1230 paraecialis,

183 1258 263 1303 qua
299 1244 501 1288 ecclesiae
526 1237 611 1287 hoc
647 1243 763 1286 titulo
797 1257 890 1287 cum
927 1242 1106 1299 parocho
1141 1243 1374 1296 decoratae,
1407 1243 1552 1300 supple
1590 1243 1813 1300 «poenalis

182 1318 419 1373 suppressio
452 1320 521 1358 aut
555 1314 831 1367 translatio»,
866 1328 889 1355 a
924 1313 1108 1357 locorum
1146 1312 1404 1369 Orclinarii'8,
1441 1314 1591 1371 quibus
1614 1315 1811 1371 implicite

182 1388 436 1440 attribuitur,
471 1386 640 1429 decerni
672 1386 829 1442 nequit,
868 1398 961 1428 nam
1006 1385 1378 1428 extraiudicialiter
1419 1387 1664 1442 supponitur
1706 1386 1810 1428 inssi-

181 1458 331 1514 genda,
365 1457 449 1499 nisi
481 1471 569 1499 eum
605 1456 779 1499 consilio
818 1455 1019 1513 Capituli,
1053 1455 1159 1512 quod
1195 1455 1439 1511 simpliciter
1471 1455 1625 1498 dictum
1656 1460 1716 1499 est
1749 1468 1811 1499 ca-

183 1528 383 1579 thedrale,
419 1533 486 1571 aut
522 1527 728 1571 abbatiale
765 1526 825 1569 rel
863 1526 1126 1570 Praelaturae
1171 1526 1336 1575 nullius,
1371 1531 1463 1569 aut:
1502 1531 1682 1570 «coetus
1714 1540 1810 1570 con-

180 1600 382 1643 sultorum
430 1599 785 1647 dioecesanorum,
831 1597 898 1641 uhi
947 1601 1057 1641 vices
1098 1596 1272 1653 Capituli
1308 1597 1557 1640 cathedralis
1589 1597 1751 1654 supplet
1769 1614 1809 1649 n,

179 1676 303 1728 atque
339 1671 480 1713 ultima
525 1669 708 1713 clausula
743 1675 801 1712 est
847 1669 1154 1725 interpretanda
1187 1669 1236 1712 ad
1273 1682 1458 1712 normam
1494 1681 1584 1712 can.
1620 1669 1715 1721 105,
1752 1669 1806 1712 1⁰.

302 1742 396 1784 125.
434 1743 671 1787 Infamiae
704 1743 911 1797 duplicis
954 1742 1106 1786 notio.
1141 1740 1262 1783 Fama
1307 1745 1365 1783 est
1411 1740 1517 1783 idem
1563 1753 1610 1784 ac
1656 1741 1827 1784 bonum.

180 1826 359 1865 nomen3
393 1826 464 1856 sen
499 1812 606 1869 apud
643 1811 782 1868 plures
815 1811 920 1855 bona
955 1811 1005 1854 de
1038 1811 1175 1867 aliquo
1214 1813 1475 1854 existimatio.
1511 1809 1616 1854 Hinc
1649 1816 1806 1868 etymo-

180 1884 311 1940 logice
331 1883 537 1941 loquendo
562 1884 728 1925 infamia
748 1887 807 1925 est
826 1881 1061 1925 huiusmodi
1087 1883 1402 1924 existimationis
1436 1881 1667 1925 diminutio.
1692 1881 1808 1936 Quae

180 1954 244 1997 vel
278 1966 299 1997 a
334 1954 581 2010 legislatore.
622 1955 690 2009 qui
738 1955 901 2009 respicit
945 1952 1204 1996 subditorum
1248 1954 1445 2005 actiones,
1484 1957 1688 2010 quatenus
1730 1953 1807 1996 hae

179 2027 310 2081 magis
345 2025 417 2069 vel‘
456 2028 590 2068 minus
638 2029 785 2067 nocent
830 2024 935 2067 bono
975 2025 1200 2075 communi,
1235 2024 1402 2066 decerni
1439 2028 1583 2080 potest,
1614 2024 1677 2068 vel
1715 2038 1805 2080 pro-

180 2099 290 2139 venit
325 2110 374 2139 ex
410 2096 642 2139 actionibus
677 2101 842 2152 propter
875 2108 977 2152 quas
1009 2094 1199 2138 subditus
1231 2095 1496 2138 demereatur
1520 2094 1667 2139 bonam
1693 2095 1803 2139 illam

175 2169 524 2210 existimationem
559 2167 667 2223 apud
703 2172 862 2210 ceteros
897 2166 1002 2210 bono
1035 2168 1242 2209 societatis
1276 2165 1378 2209 bene
1416 2166 1597 2211 allectos,
1629 2165 1677 2209 Et
1710 2165 1806 2210 hinc

180 2243 287 2294 patet
311 2238 533 2291 distinctio,
559 2250 681 2294 quam
707 2238 821 2280 affert
847 2251 936 2279 ean.
964 2238 1103 2280 9993.
1138 2235 1338 2294 lnsainia,
1371 2250 1442 2279 seu
1475 2239 1640 2280 amissio
1675 2236 1804 2280 bonae

176 2311 495 2352 existimationis
527 2314 587 2351 est
623 2308 683 2350 rel
717 2308 824 2351 iuris
860 2307 919 2350 rel
951 2306 1069 2365 faeti.

294 2379 321 2430 ξ
352 2382 393 2422 9.
431 2379 617 2436 Infamia
651 2379 760 2421 iuris
794 2378 870 2421 illa
905 2385 965 2421 est
998 2392 1104 2436 quae
1136 2377 1300 2421 casibus
1325 2379 1416 2421 iure
1442 2378 1574 2421 solum
1600 2378 1806 2422 eominuni

174 2450 338 2494 Codicis
373 2450 436 2493 vel
471 2453 728 2493 auctoritatis
761 2462 980 2506 supremae
1013 2449 1223 2507 expressis
1246 2449 1467 2501 statuitur,
1499 2448 1690 2492 videlicet
1716 2449 1804 2505 lege

174 2522 341 2576 proprie
375 2520 497 2563 dicta.

291 2594 314 2645 ξ
345 2592 388 2634 3.
428 2590 612 2648 Infamia
647 2591 754 2648 facti
786 2589 1067 2640 contraham,
1101 2590 1266 2648 quando
1300 2590 1406 2647 quis,
1443 2592 1507 2632 vir
1540 2594 1608 2633 aut
1642 2589 1805 2641 mulier,

174 2661 316 2715 laicus,
345 2661 525 2705 clericus
552 2662 612 2704 vet
642 2662 873 2718 religiosus,
904 2661 944 2718 a)
978 2660 1024 2704 ob
1053 2667 1272 2719 patratum
1307 2660 1505 2703 delictum
1530 2662 1708 2716 proprie,
1730 2673 1801 2703 seu

177 2749 201 2773 α
225 2736 313 2776 iure
352 2732 632 2776 ecclesiastico
655 2749 676 2773 ›>
715 2735 822 2789 (can.
858 2732 1005 2789 2165),
1038 2732 1101 2774 rel
1135 2732 1176 2789 b)
1210 2732 1256 2775 ob
1287 2745 1440 2789 pravos
1484 2744 1616 2774 mores
1658 2743 1802 2788 quam—

176 2806 237 2846 vis
270 2806 357 2846 sine
391 2803 471 2857 illo,
506 2802 651 2846 bonan!
687 2803 1039 2846 aestimationem
1074 2802 1257 2847 habitam
1292 2801 1405 2860 apud
1436 2801 1591 2859 fideles,
1635 2815 1799 2857 nempe:

174 2874 383 2918 Ecclesiae
417 2873 639 2929 subiectos,
665 2880 787 2931 atque
818 2874 969 2931 probos
1003 2880 1040 2916 et
1070 2887 1221 2930 arares
1253 2873 1388 2931 quoad
1423 2886 1566 2916 eorum
1602 2872 1797 2915 indicium
