1981 3182
1672 0 1978 170 W'ff.

221 160 290 195 306
594 161 677 194 Lm.
700 161 745 194 V.
767 181 778 186 -
802 162 910 195 PARS
927 162 999 197 III.
1021 183 1034 188 -
1052 163 1109 197 De
1122 166 1259 207 poenis
1280 166 1320 197 in
1338 165 1477 198 delicta
1637 163 1729 199 Can.
1756 164 1853 200 2390

221 281 390 336 provisi,
425 284 464 322 et
495 292 543 322 ex
582 284 852 337 utrorumque
899 285 1011 336 parte
1062 284 1098 324 in
1148 281 1394 325 dimissione
1434 281 1693 338 diynitatum
1723 283 1847 326 etiam

219 350 542 406 Episcopalium,
575 349 802 407 officiorum
839 353 980 394 stricto
1014 366 1133 395 sensu
1169 353 1219 395 ad
1255 365 1441 396 normam
1477 365 1565 396 can.
1603 352 1697 407 145,
1722 359 1761 396 et
1783 352 1845 396 be-

221 419 462 476 neficiorum
497 418 891 471 ecclesiasticorum,
937 434 1043 478 quae
1086 422 1135 465 ad
1181 434 1369 464 normam
1407 433 1496 465 can.
1540 422 1652 465 1409
1698 423 1847 466 intelli-

219 490 353 546 genda
389 495 495 534 sunt.

341 561 437 604 234.
474 563 609 607 Ordo
643 576 884 608 canonum
910 565 947 605 in
975 562 1049 606 hoc
1073 562 1207 606 Titulo
1232 562 1322 606 talis
1346 568 1427 606 est:
1452 567 1566 607 actus
1590 564 1639 606 ad
1664 564 1845 608 officium

219 631 548 676 ecclesiasticum
575 632 867 690 quodcumque
893 647 940 676 ex
969 634 1190 690 praedictis
1224 634 1522 677 conterendum
1557 635 1767 678 ordinatos
1791 649 1849 678 re—

219 705 397 759 spiciunt
430 715 609 746 canones
645 703 908 757 2390-2393,
945 707 1256 761 occupationem
1283 704 1541 761 Illegitimam
1568 707 1844 762 praefatorum

220 774 450 817 officiorum
501 776 675 830 puniunt
723 787 814 818 can.
848 775 1107 830 2394-2396,
1142 776 1418 833 quarumdam
1463 776 1762 833 obligationum
1807 780 1845 820 in

219 846 480 900 susceptione
514 844 760 900 dignitatum
798 848 1007 889 munimen
1042 850 1248 902 praestant
1283 859 1372 891 can.
1398 846 1525 902 2397,
1551 847 1676 901 2398,
1702 853 1844 892 contra

220 915 477 972 illegitimam
526 918 616 959 sive
664 915 939 960 desertionem
992 919 1173 960 muneris
1220 920 1310 960 sive
1360 920 1679 974 resignationem
1723 919 1847 962 officii

219 999 308 1029 can.
344 986 470 1041 2399,
507 986 618 1029 2400
654 987 722 1030 lati
757 992 864 1038 sunt,
901 992 940 1030 et
971 1001 992 1030 e
1025 991 1232 1031 contrario
1265 1002 1354 1032 can.
1391 989 1495 1032 2401
1542 995 1684 1033 contra
1717 990 1848 1047 illegi-

218 1059 359 1100 timam
405 1057 698 1113 detentionem,
739 1062 862 1115 atque
902 1060 1098 1115 postremi
1137 1059 1218 1102 duo
1255 1073 1343 1103 can.
1382 1060 1506 1114 2402,
1548 1061 1659 1104 2403
1698 1065 1850 1117 urgent

218 1127 525 1171 observantiam
561 1130 730 1172 canonis
773 1129 824 1172 de
867 1128 1074 1173 Abbatiali
1115 1129 1400 1174 benedictione
1439 1132 1690 1188 recipienda,
1723 1136 1847 1189 atque

218 1198 387 1241 alterius
421 1201 532 1242 circa
576 1199 670 1242 lidei
718 1200 1012 1255 professionem
1058 1201 1342 1256 emittendam,
1376 1214 1482 1258 quae
1518 1205 1555 1244 in
1589 1205 1847 1246 assecutione

218 1269 449 1312 officiorum
482 1283 503 1313 a
539 1269 628 1326 lege
661 1273 859 1314 canonica
893 1275 952 1314 est
987 1274 1253 1327 praescripta.

338 1340 435 1383 235.
487 1343 671 1387 Contra
724 1344 1014 1388 electionum
1070 1344 1347 1388 libertatem
1400 1344 1738 1400 impedientes.
1792 1371 1845 1376 —

221 1410 324 1454 Can.
358 1413 497 1455 9390.
531 1412 558 1470 ξ
596 1413 629 1455 l.
665 1411 917 1456 Libertatem
952 1413 1196 1456 electionum
1233 1413 1628 1466 ecclesiasticornm,
1652 1428 1730 1458 nou
1767 1417 1846 1458 iam

218 1482 451 1526 libertatem
485 1486 610 1526 unius
646 1483 707 1526 vet
743 1483 912 1527 alterius
946 1484 1154 1538 electoris,
1186 1484 1413 1528 dummodo
1448 1488 1485 1528 in
1521 1485 1630 1529 illam
1670 1499 1749 1529 non
1786 1500 1848 1529 re-

218 1553 373 1597 dundet
399 1554 636 1609 efficaciter,
657 1555 799 1612 qnoris
825 1554 954 1603 modo,
979 1556 1161 1601 scilicet:
1200 1556 1462 1612 impediendo
1494 1570 1546 1600 ne
1579 1558 1677 1600 fiant
1705 1556 1766 1600 vel
1797 1571 1847 1600 ne

218 1624 367 1682 aliquis
400 1625 699 1669 determinatus
732 1626 921 1681 eligatur,
961 1626 1022 1670 vel
1050 1632 1091 1670 ut
1116 1628 1260 1671 electio
1295 1627 1362 1670 flat
1397 1627 1448 1671 de
1481 1627 1618 1684 aliquo
1645 1629 1844 1684 singulari

221 1695 284 1738 vel
310 1699 416 1739 inter
439 1696 599 1754 aliquos
631 1697 894 1753 designatos,
927 1709 974 1741 ac
1009 1699 1246 1741 intendatur
1272 1712 1396 1741 unum
1426 1698 1487 1741 vel
1523 1699 1649 1748 aliud,
1678 1702 1728 1749 vi,
1752 1712 1844 1756 gra-

222 1766 340 1810 vibus
376 1769 510 1821 minis,
545 1767 654 1821 dolo,
688 1772 765 1812 etc.
799 1768 955 1812 directe
991 1774 1133 1812 contra
1169 1772 1277 1825 ipsos
1315 1769 1514 1813 electores
1549 1769 1610 1812 vel
1647 1770 1847 1813 indirecte

220 1851 291 1894 per
334 1838 484 1882 damna
522 1841 559 1881 in
595 1852 790 1895 personas
833 1841 1074 1883 coniunctas
1121 1840 1182 1883 vel
1229 1854 1293 1883 res
1336 1842 1533 1896 ipsorum,
1568 1843 1847 1899 exprimitque

218 1921 372 1952 canon:
408 1909 448 1965 a)
480 1923 558 1967 per
590 1923 633 1952 se
667 1911 850 1953 fortassis
894 1915 935 1953 ut
979 1916 1259 1968 exequutores
1295 1910 1335 1967 b)
1372 1910 1432 1953 rel
1461 1924 1538 1968 per
1570 1911 1679 1955 otios
1719 1912 1843 1969 impe-

217 1979 391 2035 dientes,
427 1985 466 2023 et
498 1980 538 2023 hi
575 1983 721 2037 primo,
757 1980 817 2023 vel
849 1984 1032 2024 serundo
1057 1981 1097 2038 3)
1122 1980 1320 2024 electores
1353 1981 1618 2025 distributive
1645 1988 1845 2039 sumptos,

219 2056 291 2093 out
325 2050 513 2103 electum,
549 2051 589 2109 b)
621 2057 795 2109 peracta
830 2052 1032 2094 canonica
1067 2051 1278 2106 electione,
1303 2055 1399 2109 quia
1433 2058 1528 2096 tunc
1563 2052 1730 2097 libertas
1763 2054 1843 2097 ele-

219 2123 365 2164 ctionis
400 2126 539 2177 utpote
574 2123 705 2165 tactae
740 2122 930 2178 impediri
966 2122 1143 2177 amplius
1177 2124 1331 2178 nequit,
1356 2123 1425 2165 sed
1460 2122 1499 2179 c)
1531 2129 1706 2180 propter
1738 2138 1845 2179 eom,

218 2192 327 2249 quod
364 2195 565 2235 motivum
601 2192 855 2249 deprehendi
893 2198 1024 2248 potest
1057 2206 1104 2235 ex
1144 2192 1281 2236 verbis
1313 2199 1381 2236 aut
1420 2196 1742 2238 circumstantiis
1774 2195 1844 2238 de-

218 2261 302 2306 licti
341 2265 550 2319 sequentis
604 2264 665 2306 rel
715 2277 764 2306 ex
817 2266 1002 2319 personis
1044 2263 1268 2306 electorum
1314 2269 1455 2307 contra
1500 2277 1602 2321 quas
1647 2270 1843 2321 patratur,

218 2333 261 2390 d)
288 2347 449 2391 qnoqno
475 2333 592 2377 modo
617 2339 910 2377 nocumentum
951 2334 1012 2377 rel
1047 2346 1176 2391 grave
1200 2335 1508 2378 incommodum
1534 2341 1728 2379 causante
1748 2350 1845 2393 yra-

220 2409 375 2459 vantes,
409 2404 448 2447 hi
481 2404 632 2461 singuli
667 2405 956 2462 delinquentes
977 2418 1063 2462 prov
1090 2404 1207 2447 modo
1241 2405 1389 2463 cnlpae
1418 2406 1681 2463 puniamur,-
1715 2420 1842 2463 poena

218 2480 276 2518 est
311 2475 629 2518 indeterminata
661 2477 731 2519 sed
767 2478 977 2518 enuntiata
1013 2478 1290 2532 praeceptiris
1326 2475 1475 2520 verbis.

337 2546 559 2603 Hucusque
595 2550 632 2589 in
667 2560 819 2603 genere
851 2549 991 2590 statuit
1027 2560 1155 2589 canon
1191 2547 1241 2589 de
1276 2550 1461 2603 personis
1493 2548 1842 2606 delinquentibus,

217 2617 287 2660 scd
340 2617 465 2660 laicos
515 2620 679 2673 respicit
724 2620 748 2671 g
792 2618 828 2660 2.
868 2616 987 2670 Qnost
1019 2618 1056 2659 si
1089 2617 1283 2660 electioni
1317 2632 1341 2660 α
1375 2617 1548 2675 colleqio
1583 2618 1758 2663 habente
1791 2620 1840 2663 ad

220 2688 329 2731 illam
365 2690 440 2742 ius,
475 2687 515 2745 a)
550 2688 795 2731 clericorum
834 2688 893 2731 rel
929 2688 968 2745 b)
1004 2688 1316 2744 reliyiosornm,
1351 2702 1428 2731 non
1475 2689 1671 2732 laicorum
1710 2704 1746 2731 v.
1781 2705 1840 2747 gr.

219 2761 258 2802 in
293 2759 713 2812 confraternitatibus,
749 2758 1029 2816 perayendoe,
1064 2758 1104 2814 3)
1145 2758 1246 2801 lai'ci
1287 2761 1359 2802 etsi
1411 2772 1609 2815 personae
1658 2763 1843 2817 privatae

220 2829 262 2886 b)
299 2829 359 2872 cel
402 2829 636 2872 saecularis
675 2836 862 2887 potestas
897 2832 919 2872 i.
956 2844 988 2872 e.
1025 2843 1114 2872 eam
1150 2834 1391 2872 exercentes
1429 2829 1470 2886 a)
1502 2844 1591 2872 sese
1623 2830 1844 2889 illeqviime

224 2914 260 2940 v.
296 2914 355 2956 gr.
391 2905 531 2943 contra
567 2914 714 2943 canon.
754 2901 832 2942 166
872 2899 932 2943 vel
967 2900 1086 2942 aliter
1129 2900 1331 2943 adversus
1374 2899 1485 2955 leges
1527 2900 1843 2955 ecclesiasticas,
