1981 3182
17 0 101 38 τ’
166 3 194 22 .

13 62 48 103 i‘j

14 128 32 163 r
110 161 205 199 Can.
232 161 326 196 2205
487 161 572 196 Trr.
599 160 652 195 Π.
680 181 694 186 -
719 161 776 195 De
802 161 1108 204 imputabitttate
1133 161 1262 194 delicti
1289 163 1353 194 etc.
1690 160 1739 194 23

0 2863 19 2914 t.

0 3088 32 3182 ἓ

122 296 141 322 ι(
166 285 337 324 externa
370 287 410 323 et
435 279 645 322 moraliter
673 277 926 334 imputabilis
944 277 1047 333 legis
1068 277 1234 321 violatio
1254 294 1272 319 x)
1313 278 1420 335 (can.
1458 279 1602 335 2195),
1624 292 1743 336 pror-

115 365 187 395 sus
219 349 406 393 eoeelzcclit
438 350 667 393 evidenter.
700 348 787 392 Non
822 348 941 391 aliter
974 361 1021 391 ac
1057 348 1193 391 lnnoc.
1228 348 1279 391 lll
1313 351 1366 392 ait
1392 352 1428 391 in
1464 363 1552 406 cap.
1589 350 1612 392 3
1652 365 1672 390 <c
1691 349 1742 392 de

118 421 320 478 baptismo
354 426 393 464 et
431 424 518 464 eius
546 421 692 465 eflectu
715 435 738 460 ))
776 418 860 475 (ΙΙΙ,
895 419 968 476 42)
1006 418 1068 462 X:
1109 422 1258 463 «sicut
1290 433 1365 463 nec
1400 420 1465 463 ille
1500 426 1634 463 notam
1670 420 1743 463 ali-

116 494 236 536 cuius
270 496 406 535 reatus
440 494 626 545 incurrit,
659 493 729 547 qui
753 490 1044 533 contradicens
1078 493 1240 546 penitus
1275 495 1311 534 et
1338 491 1567 534 reclamans
1590 491 1746 534 thuriii-

117 575 213 607 care
249 562 367 605 idolis
399 565 562 619 cogitur
597 561 860 604 violenter».
897 561 931 603 A
964 574 1085 603 sensu
1119 563 1288 604 canonis
1311 564 1519 604 contrario
1544 564 1743 618 sequitur,

119 634 228 691 quod
263 636 294 676 si
333 649 353 673 ((
381 636 442 676 vis
475 646 552 675 non
588 644 752 675 omnem
788 631 931 674 adimit
965 631 1114 687 agendi
1157 631 1390 674 facultatem
1412 648 1437 671 .))
1476 632 1743 685 declaratam,

120 706 159 746 in
195 709 352 747 tantum
386 708 446 747 est
480 703 593 746 locus
625 701 787 745 delicto.

241 773 297 818 De
333 779 443 817 metu
476 778 611 817 autem
648 775 686 815 in
721 772 884 816 duobus
914 774 970 831 ἐξ
1006 787 1089 816 rem
1125 773 1301 817 absolvit
1327 787 1471 818 canon.
1496 776 1520 826 ,ξ
1541 776 1582 816 2.
1608 772 1747 829 atale-

122 850 189 889 liis
221 858 381 903 qaoque
409 843 554 901 qravis
588 843 720 887 idest:
762 846 1059 888 «imminentis
1093 844 1188 887 mali
1223 857 1346 888 causa
1383 847 1529 887 mentis
1567 844 1745 900 trepida-

123 919 177 960 tio
202 932 238 969 »,
272 915 497 959 dummodo
530 914 682 958 malum
719 928 848 972 grave
881 918 929 958 sit
965 928 1012 958 ae
1057 918 1274 958 imminere
1322 916 1547 971 prudenter
1585 917 1747 970 praevi-

118 987 279 1035 deatur,
313 985 440 1028 eliam
473 984 650 1028 relative
684 991 860 1039 lantum,
890 988 940 1029 ita
979 991 1019 1029 ut
1053 986 1314 1042 supradictae
1347 987 1454 1029 duae
1492 986 1749 1029 conditiones

121 1061 308 1112 respectu
346 1057 535 1112 patientis
570 1062 722 1099 metum
762 1058 1043 1109 veriliccntur,
1079 1059 1173 1113 quia
1218 1055 1382 1099 obstare
1417 1059 1629 1099 incutienti
1667 1069 1750 1098 me-

121 1132 207 1170 tum
243 1128 384 1184 nequit
416 1131 455 1169 et
477 1127 674 1169 damnum
702 1141 774 1183 pro
800 1132 952 1169 motum
981 1130 1160 1183 patiente
1188 1141 1283 1171 vere
1307 1129 1357 1170 sit
1384 1140 1594 1183 magnum,
1615 1126 1657 1183 b)
1682 1140 1748 1168 ne-

47 1225 53 1230 ·
119 1197 294 1241 cessitas
328 1211 364 1240 ν.
400 1211 461 1253 gr.
497 1200 534 1240 in
568 1197 672 1241 lecto
706 1198 997 1246 decumbendi,
1036 1212 1055 1241 a
1094 1198 1181 1241 loco
1205 1199 1421 1241 aliesscndi
1457 1199 1505 1241 ad
1532 1197 1752 1241 concilian-

119 1269 215 1313 dam
242 1281 399 1324 paeem,
424 1282 471 1311 ac
496 1268 667 1323 proinde
702 1274 785 1312 tum
824 1268 1007 1325 physica,
1044 1274 1126 1311 tum
1166 1269 1346 1319 moralis,
1380 1269 1529 1325 legitur
1566 1271 1674 1311 onim
1712 1270 1748 1310 in

121 1352 212 1395 cap.
247 1339 268 1381 4
310 1339 403 1382 «de
439 1339 592 1395 regulis
627 1342 771 1382 iuris»
810 1338 875 1397 (Y.
911 1339 984 1396 41)
1021 1339 1081 1382 X:
1122 1340 1284 1394 «Quod
1322 1354 1398 1382 non
1435 1345 1492 1383 est
1529 1340 1684 1383 licitum
1712 1341 1748 1381 in

124 1411 227 1467 lege,
275 1413 496 1454 necessitas
538 1413 631 1453 tacit
675 1410 846 1455 licitum.
891 1410 991 1454 Nam
1028 1417 1065 1455 et
1099 1411 1316 1454 sabbatum
1352 1411 1547 1454 custodiri
1586 1423 1750 1466 praece-

124 1486 237 1537 ptum
274 1486 360 1524 est:
395 1480 632 1525 Machabaei
669 1487 803 1526 tamen
838 1485 925 1542 sinc
960 1482 1078 1539 culpa
1113 1496 1184 1525 sua
1222 1485 1259 1525 in
1294 1482 1464 1526 sabbato
1485 1480 1749 1538 pugnabant:

122 1553 181 1595 sic
215 1556 251 1594 et
286 1551 408 1595 hodie
441 1554 472 1595 si
507 1554 598 1609 quis
632 1554 829 1595 ieiunium
867 1554 1037 1609 fregerit
1069 1558 1276 1609 aegrotus,
1313 1567 1406 1596 rcus
1452 1555 1532 1595 voti
1568 1566 1645 1595 non
1682 1551 1750 1594 lia·

127 1621 303 1671 belur»;
338 1622 420 1665 imo
453 1628 492 1665 el
524 1622 563 1679 c)
584 1637 714 1679 {sicce
746 1623 1048 1667 incommodum
1073 1624 1151 1681 legi
1177 1627 1456 1667 extrinsecum
1482 1624 1550 1667 sed
1577 1637 1624 1666 ex
1653 1622 1754 1679 legis

121 1693 387 1736 observantia
420 1699 709 1751 sequuturum,
740 1694 988 1752 plerumque
1019 1709 1091 1739 seu
1125 1696 1334 1739 ordinarie
1367 1695 1562 1738 (leliclmn
1598 1708 1647 1737 ex
1683 1706 1752 1736 na-

126 1768 216 1808 tura
252 1763 372 1807 liuius
403 1765 632 1808 secundum
669 1765 886 1822 benignam
918 1766 1223 1810 ecclesiasticae
1249 1770 1461 1823 potestatis
1486 1766 1754 1816 voluntatem,

124 1839 291 1892 propter
323 1836 431 1892 quod
467 1835 758 1891 subiungitur:
792 1837 830 1879 si
853 1843 1010 1894 assatur
1032 1837 1082 1881 (le
1105 1838 1276 1895 leyibiis,
1302 1852 1407 1895 quae
1436 1840 1516 1880 sim
1542 1836 1751 1893 obligandi

122 1905 268 1950 saltem
306 1907 519 1963 partialem
555 1920 576 1950 a
617 1910 704 1951 iure
743 1908 886 1951 divino
921 1923 999 1952 non
1047 1914 1233 1953 mutuant
1274 1910 1525 1962 immediate,
1576 1921 1751 1964 nempe:

128 1990 239 2020 mere
270 1976 581 2030 ecelesiasticis,
613 1979 783 2036 penitus
819 1979 983 2023 tollunt.

242 2047 551 2106 Consequcnler
584 2050 701 2093 affert
735 2050 856 2094 dictis
891 2054 1088 2094 maiorem
1124 2051 1258 2094 lucem
1293 2052 1321 2108 ξ
1351 2054 1394 2095 3.
1431 2051 1475 2093 Si
1510 2050 1615 2093 vero
1637 2055 1754 2092 (ictus

125 2120 281 2175 positus
313 2124 454 2163 contra
490 2120 703 2176 poenalem
739 2122 1062 2165 ecclesiasticam
1099 2122 1230 2178 legem
1265 2123 1321 2164 sit
1356 2122 1581 2164 intrinsece
1599 2135 1669 2164 seu
1704 2134 1752 2164 ex

127 2194 270 2233 natura
318 2192 378 2233 sui
416 2190 558 2234 morali
607 2191 750 2246 malus,
795 2193 963 2235 divinae
1005 2206 1171 2250 quoque
1216 2193 1293 2249 legi
1339 2196 1584 2245 contrarius,
1623 2206 1657 2234 ν.
1693 2205 1753 2247 gr.

127 2259 412 2312 homicidium,
446 2262 728 2319 sacrilegium,
762 2269 836 2306 aut
870 2269 1014 2321 vergat!
1049 2263 1089 2311 bs>
1121 2264 1162 2306 in
1199 2270 1476 2322 contemptum
1509 2264 1755 2306 alterutrum

124 2330 235 2388 fidei,
270 2337 339 2375 aut
372 2347 419 2375 ex
455 2335 604 2389 seipso,
638 2346 685 2377 ac
720 2340 816 2377 tunc
850 2335 1007 2378 directe
1041 2338 1253 2391 oppositus
1282 2338 1359 2378 erit
1392 2335 1756 2391 divino-positivae

127 2401 220 2458 legi,
255 2409 325 2445 aut
357 2403 500 2447 saltem
536 2418 584 2447 ex
619 2407 942 2448 circumstantiis
977 2405 1068 2449 talis
1100 2406 1316 2459 efficiatur,
1351 2412 1425 2448 (iul
1448 2404 1758 2448 ecclesiasticae

125 2473 413 2527 aetolorilatis,
451 2488 486 2516 ν.
520 2489 581 2530 gr.
620 2478 780 2518 vocatio
804 2475 994 2532 Episcopi
1021 2479 1058 2519 in
1083 2477 1280 2519 iudicium
1325 2476 1469 2520 laicale
1495 2481 1662 2533 propter
1684 2477 1759 2519 cri-

129 2556 236 2598 men,
270 2545 310 2601 c)
346 2544 406 2587 vet
438 2545 481 2588 in
515 2547 755 2589 animarum
789 2546 1002 2602 damnum,
1040 2562 1076 2588 v.
1111 2562 1171 2603 gr.
1198 2551 1364 2591 omissio
1389 2548 1659 2591 denuntiandi
1683 2546 1758 2590 sol-

130 2613 355 2658 licitantem
391 2618 428 2658 in
464 2618 737 2670 confessione,
773 2620 810 2660 in
847 2620 1069 2674 praedictis
1106 2619 1280 2675 singulis
1303 2619 1464 2662 actibus
1487 2632 1640 2661 causae
1663 2623 1757 2668 tres,

126 2683 179 2728 de
211 2685 358 2742 quibus
391 2686 433 2728 in
466 2688 494 2745 ξ
524 2690 568 2738 2,
601 2687 747 2730 delicti
778 2689 827 2732 ad
863 2702 1049 2732 normam
1084 2702 1174 2732 can.
1211 2690 1323 2732 2195
1358 2693 1481 2732 totius
1504 2687 1757 2746 imputabili-

129 2759 257 2798 talem
282 2759 522 2814 requisitam
548 2758 742 2801 mimium
766 2759 946 2816 quidem,
970 2765 1176 2817 quatenus
1213 2777 1234 2801 «
1258 2760 1483 2804 deliberata
1521 2760 1709 2802 voluntas
1731 2774 1752 2799 »

128 2825 335 2870 delectum
384 2829 607 2886 quemdam
643 2843 691 2872 ex
728 2829 806 2872 illis
841 2833 1004 2886 patitur,
1037 2830 1111 2873 sed
1144 2845 1223 2874 non
1257 2830 1472 2886 auserunt,
1507 2844 1581 2873 nec
1615 2844 1663 2873 ex
1701 2832 1756 2872 rei

131 2901 277 2941 natura
310 2903 406 2957 quia
443 2899 504 2943 lex
531 2899 810 2944 ecclesiastica
838 2903 875 2943 in
912 2900 989 2944 illis
1022 2901 1186 2945 casibus
1222 2907 1341 2958 urget
1389 2915 1463 2945 nec
1496 2915 1546 2945 ex
1573 2901 1758 2957 benigni-
