1981 3182
233 87 299 121 168
686 87 773 120 Lm.
801 87 846 120 V.
876 108 888 112 -
922 87 1031 122 PARS
1058 88 1108 122 II.
1136 108 1148 112 -
1174 88 1231 123 De
1251 91 1388 132 poenis
1641 87 1734 123 Gan.
1759 86 1855 122 2285
1879 68 1882 71 Ι

229 212 267 250 et
301 207 457 249 tamdiu
494 211 685 250 maneant
719 206 770 250 ab
803 207 937 250 officio
969 212 1007 250 et
1043 206 1253 250 beneficiis
1289 207 1622 265 quibuscumque
1648 208 1849 264 suspensi,

229 276 358 319 donec
384 276 501 332 plene
526 278 793 330 restituerint,
817 276 1019 333 quidquid
1044 277 1094 320 de
1118 276 1236 320 bonis
1260 279 1520 333 perceperint
1541 277 1790 333 supradictis
1814 292 1853 321 )).

231 373 281 377 -
316 346 528 391 Similibus
561 360 659 403 ergo
685 349 723 389 in
752 346 929 398 casibus,
953 335 1172 390 serventur
1204 345 1328 389 leuius
1361 346 1536 390 articuli
1568 347 1845 390 canones.1n-

228 419 314 460 nuit
349 419 473 474 igitur
507 417 718 473 legislator
751 418 802 460 de
838 420 1021 474 personis
1054 417 1237 474 physicis
1271 417 1361 460 illos
1394 418 1579 461 conditos
1611 418 1750 461 fuisse.

343 486 370 544 ἓ
401 489 444 531 3.
478 486 529 529 Si·
562 486 760 541 alterum,
794 489 831 531 id
867 494 949 531 est:
983 491 1015 531 si
1049 490 1264 544 suspensio
1300 488 1378 531 lata
1413 489 1536 531 fuerit
1562 503 1585 529 «
1608 490 1645 530 in
1670 501 1853 531 commu-

229 561 413 612 nitatem,
448 561 504 602 uti
540 558 678 614 talem,
713 559 976 613 clericorum,
1010 572 1115 616 quae
1147 558 1345 602 delictum
1385 561 1639 602 commiserit
1667 575 1689 600 «
1722 558 1765 616 (g
1797 559 1852 613 1),

232 643 270 672 v,
294 643 355 686 gr.
380 629 544 686 quando
562 632 703 673 statuit
722 629 849 673 Bonis.
880 630 962 673 vul
983 631 994 652 ¹
1019 630 1153 687 quod:
1194 646 1215 670 «
1241 632 1387 686 poterit
1407 632 1856 686 episcopus(i·acantes

229 702 417 743 conferre
452 699 723 757 praebendas,
758 714 931 758 quarum
967 701 1017 743 ad
1052 700 1300 757 Episcopum
1335 705 1373 743 et
1405 698 1638 757 Capitulum
1673 713 1855 743 commu-

229 773 336 815 niter
370 774 571 827 pertineat
603 771 794 827 collatio),
829 774 861 814 si
895 772 1129 828 Capitulum
1173 771 1225 815 ab
1269 774 1353 828 ipsa
1397 771 1616 823 collatione
1658 771 1853 828 suspendi

229 845 439 899 contingat
464 859 502 887 ».
536 842 623 886 Hac
659 845 696 886 in
730 842 949 900 hypothesi
973 842 1248 885 communitas
1281 858 1300 883 ((
1323 856 1394 886 seu
1427 841 1647 899 collegium
1683 841 1854 885 clerico-

230 927 383 969 rum»,
418 917 513 971 quia
549 916 604 956 uti
641 926 814 970 persona
850 913 1017 956 moralis
1051 913 1117 956 illa
1151 918 1213 957 est
1244 913 1502 970 accipienda,
1529 912 1790 971 prohibetur,
1814 918 1853 956 et

229 987 322 1042 quia
362 1001 384 1025 c<
406 989 543 1028 actum
579 998 667 1027 esse
702 984 859 1027 nullum
894 998 1088 1041 expresse
1116 984 1177 1027 vel
1211 984 1525 1042 aequivalenter
1559 984 1677 1042 (non)
1711 986 1853 1028 statui-

228 1060 294 1098 tur
315 1072 337 1096 »
376 1056 485 1113 (can.
526 1055 607 1110 ll),
642 1060 799 1098 tantum
833 1069 854 1099 a
889 1055 998 1098 licito
1031 1055 1233 1099 exercitio
1266 1055 1424 1098 iuriam
1462 1055 1723 1099 solummodo
1769 1055 1853 1113 spi-

228 1126 453 1169 ritnaliwn
487 1126 619 1183 (salva
654 1139 753 1183 ergo
788 1131 955 1169 manent
990 1129 1076 1170 iura
1112 1129 1149 1170 in
1186 1126 1289 1170 bona
1324 1126 1585 1183 temporalia)
1619 1140 1725 1184 quae
1757 1126 1855 1184 ipsi,

233 1198 294 1241 uti
326 1198 631 1251 communitati,
666 1198 792 1242 idest:
826 1211 949 1254 supra
983 1198 1216 1242 declaratae
1261 1210 1459 1254 personae
1503 1198 1663 1251 morali,
1698 1211 1853 1256 compe-

232 1275 336 1323 tunt,
370 1283 441 1313 seu
476 1272 753 1313 communiter
786 1269 1035 1323 exercenda,
1058 1283 1137 1312 non
1175 1283 1272 1313 vero
1305 1271 1336 1312 si
1373 1272 1530 1312 ratione
1552 1269 1675 1312 huius
1697 1269 1747 1312 ad
1771 1271 1853 1312 sin-

231 1340 349 1397 gulos
381 1340 531 1383 similia
565 1342 654 1384 iura
690 1343 934 1397 pertineant.

349 1413 374 1465 g
406 1415 447 1453 4.
483 1411 527 1454 Si·
561 1411 747 1463 tertium,
784 1411 910 1454 idest:
950 1413 1025 1454 «si
1058 1414 1272 1466 suspensio
1313 1411 1392 1454 lata
1432 1412 1554 1454 fuerit
1586 1413 1626 1454 in
1663 1423 1859 1467 personas

232 1482 520 1540 delinquentes
553 1486 592 1525 et
625 1484 962 1525 communitatem
992 1498 1009 1522 ›)
1049 1482 1094 1540 (ξ
1128 1481 1184 1538 1),
1218 1482 1386 1540 effectus
1420 1482 1619 1539 praedicti
1652 1481 1729 1525 sul)
1751 1481 1808 1539 §3³
1832 1482 1855 1523 Ξ

232 1558 270 1597 et
306 1554 328 1596 3
362 1553 648 1606 σηῃιηῖαηίιιν,
683 1566 853 1610 nempe:
889 1567 1032 1596 omnes
1062 1554 1262 1610 praedicti
1288 1566 1411 1597 causa
1434 1555 1715 1610 suspensionis
1738 1558 1859 1596 erunt

231 1625 424 1667 servandi
460 1638 532 1681 per
563 1624 748 1680 singulos
780 1624 1068 1681 delinquentes
1091 1625 1225 1681 quoad
1252 1625 1421 1668 ellectus
1453 1627 1477 1678 ξ
1512 1624 1549 1673 2,
1576 1637 1648 1681 per
1670 1637 1854 1667 commu-

232 1697 400 1738 nitatem
435 1695 570 1752 quoad
607 1697 907 1751 praescriptum
942 1692 970 1752 ᾗ
1005 1695 1041 1737 3.

881 1850 1112 1888 TITULUS
1148 1852 1211 1887 [X.

748 1933 810 1975 Dc
844 1933 1002 1986 poenis
1034 1933 1349 1976 vindieativis.

283 2049 366 2085 Cis.
404 2049 507 2085 2286.
549 2072 565 2076 -
608 2051 739 2086 Poenae
779 2051 1009 2086 vindicativae
1083 2051 1278 2096 deliquerit,
1307 2062 1436 2096 poenae
1463 2051 1660 2086 ordinariae
1696 2061 1756 2097 per
1785 2061 1844 2086 sen

234 2098 311 2133 illae
338 2102 431 2134 sunt.
459 2109 546 2143 quae
584 2098 711 2133 directe
741 2098 783 2132 ad
811 2098 925 2133 delicti
953 2109 1009 2133 ex-

235 2146 423 2191 piationem
452 2146 599 2180 tendunt
620 2146 665 2180 ita
685 2151 719 2180 ut
742 2156 861 2180 earum
890 2146 1010 2180 remis-

234 2196 283 2227 sio
301 2204 318 2227 e
337 2193 527 2228 cessatione
545 2194 786 2228 contumaciae
804 2193 1010 2238 delinquen-

235 2241 279 2274 tis
308 2244 375 2275 non
409 2240 566 2285 pendeat.

283 2288 366 2321 (Lxx.
386 2285 524 2321 ’2281-
552 2287 603 2322 Ab
630 2287 773 2321 inflictis
802 2288 920 2333 poenis
939 2287 1011 2321 vin-

235 2335 395 2369 dicatix'is
420 2335 522 2369 datur
548 2335 734 2380 appellatio
764 2346 823 2369 seu
851 2345 1011 2370 recursus

237 2383 270 2416 in
298 2382 515 2427 suspensivo.
546 2383 610 2415 nisi
650 2383 745 2417 aliud
784 2393 943 2427 expresse
974 2382 1010 2415 in

239 2430 311 2464 iure
338 2434 512 2464 caveatur.

283 2476 365 2510 (lxx.
397 2474 498 2510 2288.
522 2497 537 2501 -
561 2476 717 2522 Exceptis
746 2476 864 2522 poenis
891 2477 1011 2520 degra-

235 2524 398 2564 dationis,
420 2524 657 2568 depositionis,
684 2524 887 2569 privationis
906 2524 1008 2559 officii

236 2575 293 2606 aut
324 2570 494 2611 beneficii,
521 2575 551 2605 et
579 2571 645 2604 nisi
675 2576 793 2615 urgeat
827 2572 1012 2606 necessitas

239 2618 421 2663 reparandi
438 2618 655 2656 scandalum,
672 2619 874 2663 prudentiae
890 2619 1013 2653 iudicis

240 2665 440 2705 remittitur,
469 2666 495 2699 si
524 2676 601 2699 reus
627 2665 705 2699 talis
744 2666 785 2700 sit
826 2670 861 2700 ut
902 2666 1011 2710 prima

240 2713 312 2747 x‘ice
340 2717 413 2758 post
446 2712 551 2747 vitam
590 2712 812 2748 laudabiliter
840 2718 1011 2758 peractam

1083 2099 1228 2133 tentiam
1255 2099 1577 2134 condemnatoriam
1599 2098 1751 2134 intlictae
1769 2108 1858 2133 exse-

1083 2147 1257 2181 cutionem
1284 2147 1509 2191 suspendere,
1538 2157 1578 2181 ea
1603 2151 1720 2181 tamen
1741 2145 1859 2180 condi-

1084 2193 1176 2227 tione
1204 2198 1250 2233 ut‚
1270 2195 1296 2226 si
1317 2204 1394 2228 reus
1423 2194 1512 2228 intra
1542 2194 1736 2239 proximum
1756 2193 1860 2227 trien-

1085 2242 1183 2275 nium
1198 2240 1292 2275 aliud
1308 2240 1473 2276 delictum
1489 2241 1644 2276 eiusdem
1656 2239 1859 2276 velalterius

1083 2288 1220 2332 generis
1239 2288 1465 2328 commiserit,
1485 2299 1629 2334 poenam
1650 2288 1787 2333 utrique
1805 2287 1860 2322 de-

1086 2336 1164 2369 licto
1191 2335 1342 2369 debitam
1372 2335 1455 2370 luat.

1132 2383 1216 2417 (jis.
1248 2381 1350 2416 2289.
1383 2402 1398 2408 -
1430 2382 1541 2417 Poena
1576 2382 1788 2417 vindicativa
1822 2380 1858 2415 fi-

1084 2430 1180 2464 nitur
1206 2430 1280 2464 eius
1306 2430 1502 2475 expiatione
1522 2429 1571 2464 vel
1598 2428 1860 2475 dispensatione

1084 2477 1127 2512 ab
1153 2488 1191 2512 eo
1218 2487 1381 2512 concessa
1419 2478 1477 2523 qui
1518 2477 1707 2521 legitimam
1733 2476 1861 2510 >habeat

1084 2524 1312 2569 dispensandi
1367 2529 1567 2570 potestatem
1612 2524 1655 2559 ad
1698 2533 1858 2558 normam

1086 2582 1162 2606 can.
1195 2571 1299 2605 2236.

1133 2618 1217 2653 (jis.
1249 2618 1351 2653 229⁰.
1372 2622 1424 2660 -ξ
1448 2618 1475 2652 l.
1497 2618 1535 2653 ln
1553 2618 1691 2653 casibus
1717 2615 1860 2652 occultis

1087 2667 1356 2709 urgentioribus,
1371 2667 1397 2699 si
1414 2677 1450 2701 ex
1472 2666 1711 2701 observatione
1732 2673 1861 2709 poenae

1088 2713 1319 2748 vindicativae
1339 2714 1427 2748 latae
1445 2714 1652 2748 sententiae.
1674 2722 1752 2746 reus
1772 2711 1860 2755 seip-

362 2845 372 2865 1
401 2843 490 2888 Cap.
516 2855 584 2877 un.
617 2857 635 2876 «
654 2844 709 2877 Ne
738 2844 833 2878 Sede
862 2850 1027 2878 vacante
1052 2844 1203 2889 aliquid
1230 2844 1479 2878 innovetur»
1510 2841 1594 2886 (ΙΙΙ,
1620 2841 1656 2883 S)
1686 2842 1725 2875 in
1753 2841 1805 2874 6⁰.
