1981 3182
1635 0 1736 15 tvvm.
1773 10 1786 19 -.

207 131 278 164 292
580 131 665 164 Lm.
689 131 732 166 V.
752 152 765 157 -
783 132 896 167 PARS
914 133 986 167 III.
1009 153 1020 160 -
1044 134 1095 169 De
1108 137 1246 179 poenis
1264 137 1307 169 in
1325 137 1463 170 delicta
1623 137 1716 173 Gan.
1743 138 1837 174 2375

207 250 446 292 trimonium
481 249 577 291 ausi
608 248 785 307 literius,
819 251 928 294 unde
966 267 988 292 ‹(
1011 252 1218 310 quaelibet
1249 253 1579 309 imputabilitatis
1603 257 1835 299 imminutio
1973 277 1981 314 1

203 320 293 361 51νο
327 332 376 361 ex
402 324 517 375 parte
542 319 774 363 intellectus
798 320 989 378 (excepta
1025 324 1255 379 ignorantia
1290 323 1497 381 affectata)
1532 327 1621 368 sive
1645 339 1692 369 ex
1720 332 1834 382 parte
1971 317 1981 386 Ξ

204 388 429 432 voluntatis
462 393 606 433 eximit
629 406 650 431 1)
690 390 797 448 (030.
827 391 952 447 2229,
977 396 1001 447 ἓ
1026 393 1068 450 ⁶2)
1105 393 1340 437 huiusmodi
1375 395 1687 439 contrahentem
1712 409 1734 440 a
1759 397 1833 441 du-

203 458 298 514 plici
333 473 477 516 poena,
513 473 618 518 quae
651 461 743 505 talis
766 467 849 505 est:
883 463 974 521 ipso
1007 463 1122 521 facto
1158 467 1407 507 matrimonii
1431 469 1630 510 contracti
1656 467 1705 510 ab
1728 468 1831 510 acti-

200 528 273 571 bus
305 529 346 587 a)
382 530 584 588 leyz'timi's
616 531 913 576 ecelesiasticis
948 534 1133 592 (quinam
1161 540 1298 578 autem
1325 535 1400 579 boc
1438 539 1648 580 «nomine
1679 539 1831 594 signiti-

200 605 348 644 cantur
370 617 392 642 ›>
431 602 556 646 edicit
589 616 679 646 can.
706 604 817 647 2256
843 605 900 647 n.⁰
923 605 983 662 2⁰)
1020 604 1061 662 b)
1087 611 1125 648 el
1151 606 1550 662 Sacramentalibm,
1575 620 1681 665 quae
1704 611 1829 652 actio-

202 671 321 715 nibus
354 678 556 727 constent,
591 674 752 717 efflusi
784 682 969 730 1110110111,
994 690 1071 719 non
1107 676 1158 720 ab
1192 691 1266 720 usu
1302 691 1461 731 eorum,
1485 691 1591 735 quae
1625 693 1690 722 res
1721 687 1829 735 sunt,

202 755 238 784 v.
274 756 335 798 gr.
371 756 503 801 aquae
538 744 782 789 benedictae
834 747 895 790 vel
947 748 1121 790 aliarum
1169 747 1481 791 benedictarum
1518 762 1671 804 rerum,
1707 756 1830 808 atque

198 812 300 857 haec
338 817 561 871 «privatio
593 816 965 860 Sacramentalium
990 834 1012 858 1)
1052 818 1204 875 illaque
1243 821 1462 862 «remotio
1495 819 1546 863 ab
1579 820 1739 864 actibus
1773 821 1828 865 le-

195 886 353 939 gitimis
386 885 679 929 ecclesiasticis
711 888 957 931 exercendis
980 904 1001 928 ))
1040 888 1149 945 (can.
1178 889 1303 943 2291,
1330 889 1387 943 60,
1412 889 1491 946 80),
1526 894 1666 946 utpote
1694 906 1716 931 (‹
1738 904 1830 947 poe-

198 968 274 998 nae
309 957 590 1000 vindicativae
613 973 653 1013 »,
688 958 976 1015 delinquentes
1011 965 1147 1002 tenent
1188 963 1223 1002 vi
1249 962 1430 1015 0300015,
1465 960 1595 1004 donee
1626 961 1675 1004 ab
1704 961 1827 1005 Ordi-

197 1026 320 1070 vario
368 1040 511 1071 eorum
562 1031 727 1085 proprio
777 1029 826 1072 ad
878 1042 1066 1073 normam
1101 1043 1191 1074 can.
1228 1031 1280 1074 94
1315 1030 1687 1089 dispensationem,
1721 1045 1828 1090 quae

187 1103 309 1140 actus
341 1103 401 1141 est
436 1099 744 1154 iurisdictionis,
780 1099 1055 1143 obtimcerz'nl.

816 1296 1049 1335 TITULUS
1081 1298 1175 1335 XVI
1184 1299 1210 1336 Ι.

249 1397 314 1440 De
346 1397 530 1440 delictis
562 1399 726 1441 contra
760 1397 1067 1449 obligationes
1101 1400 1316 1452 proprias
1349 1400 1500 1442 status
1532 1399 1766 1443 clericalis

843 1469 917 1511 vel
954 1469 1179 1521 religiosi.

1041 1608 1268 1654 spendantur,
1296 1613 1327 1644 et
1355 1608 1382 1643 si
1402 1609 1446 1644 ad
1462 1609 1550 1645 vitae
1567 1620 1678 1655 genus
1696 1621 1717 1645 a
1731 1615 1821 1645 statu

234 1607 316 1644 CAN.
344 1606 447 1643 2376.
474 1628 495 1634 -
522 1606 724 1643 Sacerdotes
755 1608 811 1654 qui
854 1619 966 1654 neque

1040 1656 1190 1691 clericali
1233 1656 1389 1691 alienum
1428 1657 1561 1692 notorie
1599 1657 1816 1698 transierint,

184 1656 228 1691 ab
256 1654 445 1691 Ordinario
467 1655 659 1701 dispensati
681 1666 793 1701 neque
813 1655 966 1700 legitimo

186 1703 437 1749 impedimento
475 1702 603 1738 detenti
644 1714 788 1738 examen
830 1703 872 1738 (10
898 1714 966 1748 quo

186 1751 221 1785 in
249 1761 326 1785 030.
359 1749 420 1785 130
449 1751 559 1786 facere
598 1750 792 1794 renuerint,
829 1750 872 1785 ab
900 1750 964 1786 01-

183 1798 320 1833 dinario
359 1798 522 1843 congruis
563 1798 682 1843 poenis
708 1798 751 1832 ad
793 1798 875 1833 illud
911 1809 965 1832 co-

184 1850 324 1891 gantur.

231 1891 317 1928 CAN.
346 1891 450 1927 2377.
471 1913 487 1917 -
508 1891 710 1927 Sacerdotes
727 1897 849 1927 contra
869 1903 964 1938 prae-

183 1940 354 1985 scriptum
373 1951 447 1975 can.
471 1939 546 1981 131,
569 1944 587 1981 ξ
612 1940 622 1974 1
645 1944 878 1980 contumaces,
899 1938 963 1975 01-

182 1987 341 2022 dinarius
370 1998 428 2033 pro
455 1998 516 2022 suo
544 1987 704 2032 prudenti
732 1987 877 2022 arbitrio
904 1998 963 2031 pu-

183 2034 282 2087 niat3
311 2035 402 2080 quod
430 2034 456 2068 si
486 2034 614 2069 fuerint
641 2034 791 2079 religiosi
830 2035 962 2069 confes-

182 2082 263 2116 sarii
292 2092 411 2116 curam
438 2083 637 2116 animarum
679 2093 749 2117 non
787 2086 960 2127 gerentes,

181 2139 239 2164 eos
265 2129 307 2163 ab
346 2128 530 2164 audiendis
569 2129 800 2164 saecularium
829 2130 961 2164 000105-

181 2176 340 2211 5100111115
367 2176 570 2221 suspendat.

229 2221 314 2258 CAN.
343 2222 447 2258 2378.
480 2243 496 2250 -
525 2222 647 2258 Clerici
673 2224 819 2258 maiores
846 2223 960 2269 quiin

180 2281 277 2305 sacro
305 2270 500 2306 ministerio
532 2271 618 2305 ritus
653 2276 685 2305 et
723 2270 961 2306 caeremonias

178 2317 222 2352 ab
251 2317 401 2353 Ecclesia
430 2318 659 2364 praescriptas
685 2318 836 2363 graviter
856 2317 961 2363 negli-

178 2369 263 2408 gant
289 2370 322 2400 et
349 2365 472 2400 moniti
497 2376 570 2400 sese
598 2376 667 2400 non
684 2366 962 2405 emendaverint,

178 2413 442 2457 suspendantur
481 2424 541 2459 pro
566 2413 702 2448 diversa
742 2417 858 2448 reatus
884 2424 958 2457 gra-

178 2459 301 2494 vitate.

225 2504 308 2542 CAN.
332 2505 435 2541 2379.
457 2526 472 2533 -
491 2505 630 2547 Clerici,
651 2512 773 2542 contra
793 2507 958 2553 praesori-

179 2557 274 2598 ptum
304 2565 381 2589 can.
407 2553 485 2595 136,
507 2554 665 2589 habitum
685 2554 958 2590 ecclesiasticum

177 2604 209 2635 et
236 2605 417 2636 tonsuram
444 2601 638 2636 clericalem
669 2612 736 2636 non
768 2605 958 2646 gestantes,

175 2648 328 2692 graviter
355 2653 589 2686 moneantur:
621 2653 796 2684 transacto
825 2648 958 2683 inutili-

176 2699 228 2730 ter
256 2706 375 2730 mense
400 2706 420 2730 a
448 2696 653 2736 monitione,
683 2695 774 2741 quod
809 2696 852 2730 ad
892 2696 958 2731 cle-

175 2742 265 2777 ricos
286 2743 437 2778 minores
455 2743 593 2783 attinet
616 2748 770 2778 servetur
791 2743 956 2788 praescri-

178 2793 276 2835 ptum
303 2789 459 2825 eiusdem
486 2801 563 2825 can.
595 2789 671 2830 136,
701 2794 719 2831 ἓ
755 2791 798 2831 3;
842 2790 955 2825 0101101

175 2840 295 2871 autem
323 2837 481 2879 maiores,
509 2837 603 2872 salvo
630 2837 842 2889 praescripto
875 2848 952 2872 can

179 2881 258 2925 188,
286 2895 321 2918 n.
352 2883 385 2925 7,
413 2884 457 2919 ab
493 2884 675 2919 ordinibus
716 2884 862 2930 receptis
901 2896 957 2919 su-

1042 1714 1112 1743 nec,
1130 1715 1250 1738 rursus
1266 1703 1402 1743 moniti,
1418 1704 1640 1750 resipuerint,
1658 1710 1734 1751 post
1753 1710 1822 1741 tres

1040 1761 1178 1785 menses
1205 1751 1248 1785 ab
1276 1751 1338 1786 hac
1367 1751 1492 1786 ultima
1510 1752 1703 1787 monitione
1720 1752 1819 1798 depo-

1041 1802 1184 1833 nantur.

1087 1845 1170 1880 CAN
1210 1843 1314 1879 238⁰.
1363 1866 1379 1870 -
1416 1844 1538 1881 Clerici
1580 1846 1631 1881 vel
1667 1845 1817 1892 religiosi

1039 1898 1270 1927 mercaturam
1300 1892 1348 1927 vel
1387 1892 1658 1937 negotiationem
1698 1904 1758 1939 per
1784 1905 1820 1929 se

1037 1944 1097 1974 aut
1118 1950 1176 1985 per
1193 1939 1280 1975 alios
1298 1945 1496 1975 exercentes
1515 1945 1636 1975 contra
1655 1942 1820 1986 praescri·

1040 1992 1136 2039 ptum
1163 1998 1241 2022 can.
1276 1986 1351 2023 14)
1395 1988 1559 2032 congruis
1599 1987 1717 2033 poenis
1760 1999 1819 2034 pro

1037 2034 1205 2079 gravitate
1244 2034 1366 2080 culpae
1404 2034 1447 2069 ab
1490 2032 1680 2070 Ordinario
1722 2046 1814 2071 coer-

1037 2087 1193 2118 ceantur.

1084 2129 1168 2164 Cm.
1198 2126 1300 2163 2381.
1342 2150 1357 2153 -
1392 2128 1459 2172 Qui
1499 2128 1662 2171 officium,
1689 2129 1816 2165 benefi-

1035 2176 1142 2217 cium,
1182 2176 1390 2219 dignitatem
1428 2176 1562 2211 obtinet
1599 2187 1678 2211 cum
1713 2187 1817 2212 onere

1036 2223 1257 2266 residentiae,
1287 2223 1313 2257 si
1344 2223 1522 2268 illegitime
1548 2223 1665 2258 absit:

1133 2271 1160 2304 1.
1166 2277 1180 2293 0
1208 2270 1253 2305 Eo
1280 2270 1354 2316 ipso
1375 2271 1529 2316 privatur
1547 2270 1711 2305 omnibus
1744 2271 1812 2306 fru—

1034 2317 1147 2353 ctibus
1175 2318 1225 2352 sui
1255 2317 1414 2353 beneficii
1444 2317 1494 2353 tel
1521 2318 1621 2352 officii
1651 2328 1711 2363 pro
1738 2323 1813 2354 rata

1036 2365 1236 2409 illegitimae
1255 2365 1442 2405 absentiae,
1463 2375 1590 2410 eosque
1604 2365 1740 2400 tradere
1758 2366 1814 2401 de-

1034 2412 1090 2447 bet
1117 2411 1319 2455 O1dinario,
1349 2412 1407 2458 qui
1434 2412 1600 2447 ecclesiae
1628 2412 1679 2447 vel
1709 2412 1813 2448 alicui

1034 2459 1090 2505 pio
1118 2459 1190 2494 loco
1218 2459 1268 2494 vel
1299 2459 1509 2505 pauperibus
1536 2459 1746 2500 distribuat;

1127 2507 1160 2541 2.
1170 2505 1341 2550 00111010,
1363 2507 1545 2547 beneficio,
1565 2507 1735 2550 dignitate
1751 2507 1813 2552 pri-

1034 2558 1142 2589 vetur.
1166 2551 1217 2589 'ad
1246 2565 1405 2589 normam
1433 2565 1512 2589 can.
1546 2552 1760 2589 2168-2175.

1081 2599 1165 2636 CAN.
1196 2599 1301 2635 2382.
1333 2621 1349 2627 -
1379 2599 1413 2636 Si
1455 2601 1625 2647 parochus
1662 2601 1814 2646 graviter

1032 2648 1223 2693 neglexerit
1250 2647 1557 2683 Sacramentorum
1592 2648 1813 2684 administra-

1033 2695 1176 2736 tionem,
1203 2695 1424 2730 infirmorum
1450 2695 1701 2737 assistentiam,
1731 2707 1811 2741 pue-

1031 2753 1147 2778 rorum
1178 2742 1364 2788 populique
1390 2742 1660 2787 institutionem,
1677 2743 1812 2778 concio-

1032 2801 1111 2825 nem
1139 2790 1262 2825 diebus
1287 2789 1476 2825 dominicis
1495 2790 1685 2836 ceterisque
1705 2790 1810 2831 festis,

1031 2837 1225 2872 custodiam
1244 2837 1408 2872 ecclesiae
1427 2837 1642 2883 paroecialis‚
1664 2838 1811 2872 sanctis-

1031 2884 1139 2920 simae
1168 2884 1419 2925 Eucharistiae,
1449 2895 1625 2920 sacrorum
1640 2884 1806 2925 oleorum,

1920 3082 1938 3182 *un—<⁴1
1924 2890 1941 3070 mea¹·m».⁴2
1932 2874 1939 2884 ο
1932 2861 1941 2868 ·.
1928 2821 1941 2855 ν.-
