1981 3182
566 108 649 143 Trr.
675 108 723 144 Π.
753 128 764 134 -
791 109 848 143 De
875 109 1182 153 imputabilitate
1207 109 1339 144 delicti
1366 111 1433 143 etc.
1778 108 1821 143 13

230 229 250 269 ἓ
274 226 306 261 2.
333 225 444 261 Metus
470 237 607 272 quoque
632 226 759 271 gravis,
785 227 890 261 etiam
909 237 961 261 re-

184 274 286 309 lative
311 278 463 314 tantum,
495 273 695 315 necessitas,
721 273 791 308 imo
808 278 841 308 et
859 283 964 318 grave

183 320 456 362 incommodum,
497 321 700 366 plerumque
725 320 905 361 delictum,
934 320 962 354 si

181 372 305 412 agatur
337 368 379 403 de
414 368 546 413 legibus
583 379 675 403 mere
703 367 959 407 ecclesiasticis,

185 415 322 461 penitus
348 415 489 450 tollunt.

229 465 248 504 5
274 462 307 496 3.
337 461 371 498 Si
400 473 478 498 vero
502 467 600 497 actus
625 461 669 495 sit
688 461 876 496 intrinsece
895 471 964 496 ma-

183 510 236 545 lus
260 516 320 544 aut
347 514 463 554 vergat
491 509 525 543 in
552 513 793 554 contemptum
813 508 888 543 fidei
910 508 962 543 vel

179 556 433 593 ecclesiasticae
459 556 676 592 auctoritatis
703 555 755 591 vel
776 556 961 590 inanima-

182 615 258 640 rum
274 604 458 645 damnum,
474 613 611 642 causae,
627 603 670 637 de
688 602 815 648 quibus
836 602 870 636 in
891 606 910 645 ξ
929 602 959 643 2,

180 651 295 687 delicti
336 650 643 697 imputabilitatem
683 650 850 684 minuunt
884 650 960 695 qui·

179 699 272 739 dem,
300 699 359 734 sed
388 708 456 733 non
482 698 658 733 auserunt.

230 750 249 788 ξ
273 745 306 780 4.
336 744 448 781 Causa
474 744 648 789 legitimae
685 744 812 779 tutelae
839 748 959 779 contra

181 793 350 828 iniustum
376 802 626 836 aggressorem,
654 792 680 825 si
713 791 869 827 debitum
889 802 959 826 ser-

181 845 278 876 vetur
296 839 533 880 moderamen,
553 839 719 874 delictum
739 840 883 873 omnino
897 850 958 873 au-

181 888 260 928 fert;
278 898 376 922 secus
393 886 699 932 imputabilitatem
716 886 959 921 tantummodo

179 934 315 975 minuit,
342 934 432 968 sicut
449 933 553 969 etiam
573 944 677 968 causa
693 933 957 979 provocationis.

224 980 308 1017 Cis.
338 979 443 1015 2206.
476 1001 492 1006 -
515 980 644 1023 Passio,
665 981 691 1015 si
714 981 817 1015 fuerit
837 981 958 1015 volun-

176 1029 262 1064 tarie
286 1034 318 1064 et
344 1028 534 1063 deliberate
560 1028 708 1063 excitata
736 1029 786 1063 vel
810 1028 954 1063 nutrita.

177 1076 487 1122 imputabilitatem
533 1076 645 1122 potius
687 1081 813 1120 auget:
858 1087 957 1111 secus

175 1134 252 1159 eam
281 1123 408 1159 minuit
436 1123 512 1168 plus
540 1124 699 1158 minusve
728 1134 788 1169 pro
820 1123 957 1158 diverso

177 1170 347 1217 passionis
385 1175 501 1212 aestu;
539 1176 573 1205 et
610 1171 756 1206 omnino
795 1170 896 1213 tollit,
928 1171 954 1204 si

175 1229 315 1254 omnem
352 1218 480 1253 mentis
518 1217 805 1253 deliberationem
832 1223 864 1253 et
901 1229 957 1253 vo-

172 1265 320 1301 luntatis
345 1276 555 1301 consensum
585 1266 766 1311 praecedat
792 1270 824 1301 et
852 1265 957 1311 impe·

176 1313 262 1348 diat.

222 1359 306 1396 Ctx.
336 1360 440 1394 22617.
472 1381 488 1385 -
519 1359 655 1395 Praeter
680 1360 750 1395 alia
786 1360 954 1395 adiuncta

173 1408 414 1453 aggravantia,
442 1407 607 1443 delictum
639 1413 808 1452 augetur:

1112 225 1146 260 10
1174 225 1235 261 Pro
1277 226 1404 261 maiore
1442 225 1614 270 dignitate
1654 237 1820 272 personae

1037 283 1125 318 quae
1151 273 1318 308 delictum
1346 273 1546 314 committit3
1574 278 1634 308 aut
1660 285 1749 319 quae
1762 274 1819 309 de-

1038 320 1118 355 licto
1145 320 1359 361 offenditur;

1108 367 1145 400 20
1173 367 1217 401 Ex
1244 367 1355 402 abusu
1396 367 1612 402 auctoritatis
1641 368 1691 403 vel
1717 367 1818 403 officii

1035 413 1077 448 ad
1105 414 1270 449 delictum
1304 414 1528 460 patrandum.

1084 460 1168 495 CAN.
1199 460 1303 496 2208.
1334 482 1356 487 -
1383 465 1402 503 ἓ
1438 461 1467 496 l.
1500 461 1684 496 Recidivus
1714 473 1818 497 sensu

1037 507 1122 542 iuris
1148 513 1198 543 est
1224 509 1281 554 qui
1302 513 1376 554 post
1394 509 1723 544 condemnationem
1745 520 1818 544 rur-

1035 566 1094 589 sus
1119 556 1307 590 committit
1333 555 1500 591 delictum
1531 557 1687 592 eiusdem
1715 567 1818 601 gene-

1035 602 1082 636 ris
1107 608 1140 637 et
1167 603 1202 637 in
1231 603 1360 638 talibus
1395 614 1510 638 rerum
1545 614 1585 638 ac
1614 605 1816 649 praesertim

1035 650 1202 695 temporis
1228 650 1404 685 adiunctis
1431 655 1467 684 ut
1493 650 1647 686 eiusdem
1668 651 1818 696 pertina-

1034 696 1088 731 cia
1117 698 1150 731 in
1172 697 1262 732 mala
1290 697 1467 733 voluntate
1487 699 1675 744 prudenter
1692 699 1816 734 coniici

1058 750 1155 779 ossn.

1036 756 1055 790 p
1083 795 1102 833 ἓ
1129 792 1163 826 2.
1194 790 1260 835 Qui
1291 791 1420 838 pluries
1445 792 1630 838 deliquerit
1647 793 1751 827 etiam
1771 793 1817 828 di-

1035 849 1131 873 verso
1159 839 1193 873 in
1221 850 1358 884 genere,
1386 850 1484 874 suam
1512 845 1615 885 auget
1637 840 1817 886 culpabili-

1033 891 1152 921 tatem.

1081 932 1166 968 Ου’.
1195 933 1299 968 2209.
1327 953 1350 958 -
1376 938 1395 975 ᾗ
1426 933 1455 968 1.
1479 932 1546 977 Qui
1565 935 1742 969 communi
1764 935 1819 970 (le-

1034 980 1215 1026 linquendi
1251 981 1398 1015 consilio
1431 981 1535 1016 simul
1573 981 1715 1028 physice
1741 993 1819 1017 con—

1032 1033 1178 1063 currunt
1195 1029 1227 1062 in
1245 1028 1424 1064 delictum,
1443 1040 1565 1063 omnes
1579 1029 1699 1064 eodem
1717 1030 1818 1065 modo

1033 1075 1078 1111 rei
1103 1076 1288 1117 habentur,
1308 1075 1375 1109 nisi
1396 1076 1563 1111 adiuncta
1581 1076 1731 1111 alicuius
1749 1077 1818 1112 cul-

1034 1123 1251 1169 pabilitatem
1280 1128 1431 1167 augeant
1461 1124 1511 1159 vel
1541 1124 1716 1158 minuant.

1080 1175 1098 1212 ξ
1126 1171 1158 1204 2.
1191 1171 1226 1205 ln
1246 1171 1373 1206 delicto
1392 1171 1483 1216 quod
1503 1182 1564 1206 sua
1584 1176 1709 1206 natura
1728 1182 1819 1206 com-

1034 1218 1158 1263 plicem
1198 1218 1360 1263 postulat,
1395 1229 1627 1264 unaquaeque
1655 1230 1732 1263 pars
1766 1223 1817 1254 est

1031 1266 1150 1301 eodem
1180 1265 1279 1300 modo
1306 1265 1503 1311 culpabilis,
1530 1267 1597 1300 nisi
1628 1277 1667 1300 ex
1695 1266 1816 1301 adiun-

1027 1315 1092 1348 ctis
1119 1313 1214 1348 aliud
1241 1318 1420 1358 appareat.

1075 1364 1094 1402 ξ
1121 1361 1152 1395 23.
1170 1361 1242 1395 Non
1259 1360 1370 1395 solum
1393 1360 1566 1395 mandans
1581 1360 1639 1406 qui
1656 1365 1707 1395 est
1724 1361 1818 1406 prin-

1027 1408 1151 1454 cipalis
1176 1408 1292 1443 delicti
1320 1413 1453 1447 aut-tor,
1487 1408 1545 1443 sed
1563 1408 1668 1443 etiam
1688 1409 1746 1454 qui
1772 1409 1814 1444 ad

224 1543 361 1578 Titulus
394 1542 432 1577 ll.

178 1589 225 1626 De
243 1589 457 1636 imputabili-
787 1611 835 1621 ,—-
865 1589 1012 1636 triplicis
1039 1590 1146 1625 fontis
1608 1591 1694 1626 (Ian.
1724 1590 1814 1625 2199

199 1642 267 1673 tate
293 1637 411 1672 delicti·
439 1657 539 1665 „,—
571 1637 704 1672 ratione
734 1632 789 1679 -ἱ

787 1689 836 1709 ’-
863 1685 931 1719 doli
1654 1701 1668 1718 »
1724 1686 1814 1721 220⁰

786 1800 833 1836 ¹—
861 1779 1071 1825 qualitatum
1099 1779 1339 1825 delinquentis
1654 1794 1667 1811 ι)
1722 1780 1807 1814 2201

785 1838 787 1898 l
1011 1895 1057 1956 l]—
1090 1874 1190 1909 intel·
1244 1896 1284 1900 —
1301 1875 1345 1910 0b
1362 1875 1600 1919 ignorantiam
1653 1889 1668 1907 ›>
1722 1874 1814 1909 *2202

173 2014 193 2049 d
316 2015 320 2019 ι
359 2014 394 2049 Ἠ
785 1956 787 2031 ἰ
1056 1928 1151 1957 (ΛΜΞ
1244 1990 1286 1995 -
1303 1970 1347 2004 ob
1365 1970 1612 2015 negligentiam
1652 1985 1666 2002 1>
1722 1970 1814 2004 ‘2203

189 2025 463 2107 §gzzl'lasvlgtltiliillis
488 2062 527 2088 ¹-
557 2075 594 2098 ex
617 2070 712 2110 parte
732 2084 834 2095 —i—
865 2064 969 2099 fat-ul·
1019 2083 1059 2089 -—
1081 2065 1201 2098 volun·
1236 2084 1287 2093 1—
1328 2070 1468 2110 propter
1507 2070 1599 2100 aeta-

191 2109 241 2144 ·tel
265 2109 454 2145 minuenti-
785 2098 786 2143 l
814 2116 924 2146 tatum
958 2133 999 2137 —
1040 2113 1121 2146 tatis
1181 2102 1238 2160 —l
1266 2117 1334 2147 tem
1653 2126 1667 2143 »
1722 2110 1812 2146 2204

498 2604 533 2607 -
561 2584 604 2619 ob
629 2586 926 2632 multiplicitatem
956 2567 1011 2632 -i

1009 2637 1058 2659 ⁴—
1085 2634 1371 2680 delinquentium

173 2679 205 2710 et
230 2675 272 2711 de
300 2676 454 2711 iuridicis
1207 2692 1211 2694 Ἴ

1769 2636 1776 2667 ᾳ

1780 2637 1788 2669 v

1793 2636 1800 2668 .-

1804 2637 1812 2667 v

189 2156 282 2192 tibus
436 2178 490 2198 —,
1238 2165 1239 2191 i

1243 2229 1285 2233 —
1315 2213 1452 2254 propter
1473 2210 1540 2242 vim
1567 2213 1599 2244 et

785 2254 787 2298 J
1269 2260 1398 2290 metum
1650 2270 1664 2287 n
1720 2254 1813 2290 '2205

785 2304 786 2324 i

1020 2371 1060 2375 —
1087 2350 1334 2385 sensitivarum
1651 2365 1665 2382 »
1720 2349 1812 2385 '22⁰6

798 2465 831 2470 -
858 2444 1005 2480 aliorum
1033 2445 1278 2480 atliunctorum
1650 2461 1662 2477 υ
1719 2444 1810 2479 2207

1016 2561 1056 2564 —
1084 2545 1225 2574 actuum
1650 2556 1664 2572 »
1720 2538 1812 2575 ‘2208

1722 2637 1754 2669 ι’).

1720 2730 1753 2764 2)-

195 2722 308 2758 delicti
325 2723 453 2759 effecti·
854 2748 905 2772 ,-
931 2728 1109 2762 a‹·tionum

198 2769 261 2805 bus
435 2793 476 2796 ν-
504 2793 539 2797 -
559 2772 781 2809 iudicialibus
800 2773 856 2842 —j

863 2842 903 2846 —
930 2821 964 2856 in
993 2822 1144 2857 solidum
1170 2823 1389 2859 sustinendis

1647 2838 1662 2856 ))

1746 2730 1764 2764 [V
1747 2636 1765 2670 [s-

1774 2728 1812 2764 Ξ

1718 2823 1807 2859 2211
