1981 3182
199 114 244 147 46
668 115 753 149 LIB.
783 115 829 149 V.
859 135 871 140 —
899 115 1010 150 PARS
1034 115 1086 150 ΙΙ.
1114 134 1130 142 -
1155 115 1213 150 De
1231 119 1370 160 poenis
1540 123 1543 125 ’
1615 115 1708 152 Can.
1735 116 1830 151 2214

199 234 343 277 turbas
376 238 414 277 et
449 235 675 290 discipulos
708 247 826 294 suos:
867 248 1053 277 «omnes
1090 248 1162 277 vos
1195 235 1341 277 fratres
1374 237 1485 289 estis,
1510 248 1615 278 unus
1638 240 1698 278 est
1722 238 1829 278 enim

200 307 321 347 Pater
358 310 508 358 vester,
542 307 610 362 qui
648 307 685 347 in
722 304 848 348 coelis
870 310 942 348 *est
965 321 986 345 ›)
1017 305 1045 359 ¹,
1079 304 1120 361 c)
1153 304 1449 363 elaborentque
1489 306 1540 348 ad
1574 319 1831 363 consequen-

201 374 298 416 dum
334 379 379 416 ut
413 372 622 417 hortando
656 379 695 416 et
726 373 929 417 monendo
973 374 1022 417 ab
1062 374 1229 417 illicitis
1270 374 1322 418 ob
1366 374 1499 430 legem
1545 375 1730 419 divinam
1770 375 1832 419 vel

201 443 524 487 ecclesiasticam
575 443 831 500 deterreant,
889 447 1015 488 variis
1059 444 1287 488 rationibus
1320 449 1359 488 et
1392 445 1596 501 exemplis
1643 459 1750 503 quae
1782 446 1831 489 ad

202 513 278 557 hoc
311 514 568 568 deserviunt,
617 517 676 558 sic
727 515 1037 570 praeveniendo
1080 530 1131 557 ne
1175 514 1242 557 ubi
1274 515 1533 573 deliquerint
1584 518 1750 572 proprie
1782 516 1831 559 ad

202 597 389 627 normam
427 585 588 628 Primae
624 588 750 640 partis
783 584 906 628 huius
941 585 1048 637 libri,
1083 585 1232 628 debitis
1268 588 1355 629 iure
1389 599 1457 629 eos
1485 586 1636 642 poenis
1660 589 1697 628 in
1723 585 1831 630 Libri

202 655 368 698 residuo
401 655 666 699 declarandis
700 669 886 699 coercere.
909 661 1115 713 coqantur
1141 658 1297 700 ratione
1322 659 1474 713 proprii
1511 659 1697 700 muneris
1721 659 1832 700 iuxta

201 740 254 769 ss.
289 739 468 770 canones
515 727 703 783 gerendi.
740 753 792 757 —
826 726 900 769 His
944 740 1022 769 non
1067 726 1326 770 obstantibus
1366 728 1593 781 industriis,
1636 741 1729 770 cum
1770 740 1835 770 res

203 810 275 852 pro
313 802 405 839 voto
442 810 519 839 non
555 800 739 848 cesserit,
777 800 1041 854 prosequitur
1085 798 1401 854 praelaudatum
1444 797 1699 842 Concilium:
1734 811 1835 856 quos

203 872 339 909 tamen
380 867 657 911 «subditos»
696 868 733 910 si
767 867 868 925 quid
897 881 975 926 per
1007 867 1233 910 humanam
1266 868 1553 926 frayilitatein
1588 869 1763 925 proinde
1796 870 1835 911 in

204 938 433 981 minoribus
463 952 637 996 peccare
672 939 1017 995 transgrediendo
1052 938 1164 995 leges
1198 940 1433 997 contiyerit,
1470 940 1510 996 a)
1546 939 1621 982 illa
1646 938 1838 997 Apostoli

201 1015 262 1051 est
295 1008 344 1051 ab
379 1010 438 1051 eis
481 1009 691 1052 servanda
741 1010 984 1066 praeceptio
1010 1009 1024 1030 ²
1048 1009 1238 1066 obligans
1282 1016 1326 1052 ut
1368 1010 1466 1053 illos
1510 1013 1621 1053 iuxta
1657 1013 1834 1054 circum-

201 1082 372 1122 stantias
396 1086 595 1137 aryuant,
621 1079 848 1131 obsecrent,
875 1080 1105 1138 increpent,
1124 1094 1291 1136 semper
1317 1094 1415 1124 vero
1440 1081 1480 1124 in
1507 1081 1620 1124 ornni
1638 1080 1837 1135 bonitate,

201 1163 307 1208 quae
343 1153 380 1193 in
420 1151 557 1194 verbis
590 1164 637 1194 ac
671 1151 792 1194 modo
820 1151 1014 1202 reluceat,
1051 1157 1089 1194 et
1113 1151 1326 1209 patientia
1360 1164 1458 1208 erga
1492 1165 1635 1195 eorum
1663 1153 1834 1194 intirmi-

203 1227 342 1275 tatem,
378 1235 465 1264 cuin
501 1236 626 1279 saepe
652 1221 763 1279 plus,
799 1226 901 1264 teste
937 1224 1210 1278 experientia,
1244 1236 1344 1279 erya
1369 1222 1642 1279 corriqendos
1666 1222 1717 1266 ol)
1743 1236 1836 1278 pec·

202 1298 290 1335 cata
327 1298 427 1350 aya!
461 1306 531 1336 seu
567 1292 752 1336 obtineat
786 1292 1071 1336 benevolentia
1109 1293 1248 1337 verbis
1282 1295 1498 1349 patefacta,
1532 1307 1655 1351 quain
1699 1299 1836 1336 ‹niste-

200 1363 310 1406 ritas
344 1377 502 1417 eorum,
531 1363 632 1421 plus
667 1363 908 1406 erliortatio
943 1364 992 1407 ad
1029 1363 1181 1407 bonum
1218 1365 1454 1407 faciendum
1493 1379 1563 1420 per
1599 1367 1751 1407 motiva
1786 1365 1835 1407 ad

201 1434 278 1478 hoc
313 1435 552 1478 inducentia
586 1449 708 1492 quani
744 1435 1015 1478 comminatio
1061 1435 1156 1478 mali
1202 1437 1261 1478 eis
1299 1438 1448 1478 merito
1483 1435 1711 1492 infligendi,
1739 1434 1838 1493 plus

202 1505 363 1548 caritas
396 1504 545 1549 Christi
573 1518 668 1549 vera
704 1520 829 1563 quani
859 1511 1047 1563 potestas
1081 1508 1278 1549 exercita.
1314 1531 1364 1535 —
1391 1505 1710 1562 Nonnumquam
1738 1505 1838 1549 haec

200 1578 277 1618 erit
314 1576 478 1630 utenda,
515 1578 553 1618 in
593 1578 711 1618 cuius
756 1590 830 1619 usu
877 1577 1120 1618 deserviunt
1165 1576 1552 1619 animadversiones
1594 1580 1836 1633 sequentes:

200 1646 265 1689 sin
301 1652 441 1688 aulem
474 1645 519 1689 ob
553 1645 700 1689 delicti
736 1650 899 1702 proprie
934 1649 1087 1702 sumpti
1119 1647 1375 1702 qrcwitatein
1411 1647 1531 1704 virya
1567 1646 1690 1690 idest:
1725 1659 1836 1689 coer-

202 1720 353 1760 citione
379 1720 489 1760 iuxta
521 1732 572 1760 ss.
598 1730 780 1760 canones
804 1731 907 1775 opus
931 1718 1026 1771 erit,
1054 1723 1150 1759 tunc
1173 1732 1260 1760 cuin
1289 1717 1610 1760 mansuetudine
1634 1720 1671 1760 in
1701 1717 1838 1761 verbis

202 1801 248 1831 ac
286 1787 464 1830 motibus
498 1788 615 1845 riyor
638 1788 694 1830 illi
717 1802 964 1844 congruens.
993 1802 1080 1830 clini
1110 1787 1418 1839 misericordia,
1443 1801 1548 1845 quae
1572 1790 1836 1843 compatitur,

203 1858 405 1901 iudiciuin
432 1861 580 1901 mentis
615 1859 853 1902 moderatus
886 1862 951 1913 sit,
975 1873 1062 1901 cuin
1097 1858 1273 1901 lenitate
1316 1862 1579 1915 asperitatem
1617 1863 1834 1915 respuente

202 1930 406 1972 seneritas
441 1944 509 1986 per
547 1930 657 1986 leges
691 1931 965 1973 determinata
999 1929 1236 1972 aclltibenila
1279 1936 1354 1983 est,
1389 1935 1433 1972 ut
1464 1932 1556 1972 sine
1589 1929 1834 1987 asperitate,

201 2014 307 2058 quae
341 2003 501 2044 animos
535 2003 713 2045 exacuit.
750 2000 979 2058 disciplina
1020 2000 1108 2058 (seu
1145 2000 1306 2057 legibus
1342 2014 1476 2044 mores
1520 2000 1716 2057 regulati)
1764 2013 1835 2057 po-

200 2071 316 2129 pulis
348 2071 557 2114 salutaris
591 2072 719 2116 idest:
756 2072 804 2115 ad
845 2075 969 2114 vitam
1008 2074 1302 2127 morigeratam
1349 2072 1551 2114 inducens
1584 2085 1632 2114 ac
1667 2070 1838 2127 proinde

205 2143 457 2191 necessaria,
494 2148 762 2185 conservetur
795 2143 1021 2186 adiuvante
1055 2145 1281 2198 punitionis
1316 2148 1442 2196 metu,
1476 2148 1515 2184 et
1553 2142 1624 2199 qui
1661 2141 1838 2183 correcti

203 2214 366 2270 fuerint
403 2216 545 2269 virgae
579 2227 720 2270 opere,
754 2213 1028 2256 emendentur
1061 2227 1082 2256 a
1117 2213 1278 2256 delictis
1311 2215 1395 2256 suis
1419 2218 1506 2265 (llll,
1530 2213 1567 2255 si
1590 2212 1839 2269 resipiscere

205 2283 419 2326 noluerint
452 2287 574 2327 etiam
612 2299 685 2340 per
721 2297 874 2341 poenas
923 2298 1002 2327 non
1053 2284 1315 2330 omittendas,
1356 2284 1483 2326 ceteri
1516 2296 1536 2327 a
1571 2283 1734 2326 delictis
1769 2285 1839 2325 im-

207 2368 362 2399 munes.
399 2354 562 2397 salubri
599 2369 670 2411 per
704 2369 747 2398 se
782 2356 824 2397 in
860 2369 927 2398 eos
976 2355 1235 2412 deliquentes
1284 2354 1667 2397 animadversionis
1709 2366 1729 2397 a
1763 2354 1836 2397 Su-

207 2427 367 2481 periore
402 2426 582 2468 intlictae
615 2425 803 2483 eJ‘eniplo
838 2440 862 2468 a
897 2426 1014 2468 ciliis
1047 2426 1346 2468 deterreantur
1379 2426 1660 2469 admittendis.

324 2497 389 2539 30.
428 2498 617 2543 Divisio
656 2499 898 2543 Sectionis
932 2500 978 2541 in
1011 2499 1181 2543 titulos
1215 2501 1392 2553 [piatuor
1424 2496 1653 2539 secundum
1681 2496 1837 2551 logicae

207 2568 386 2623 regulas,
421 2568 468 2609 ad
508 2571 666 2622 praxim
705 2571 827 2611 etiam
864 2568 990 2620 utilis,
1023 2581 1201 2625 sequeus
1225 2572 1308 2611 est:
1345 2580 1497 2624 poenas
1521 2569 1558 2610 in
1583 2569 1729 2623 seipsis
1747 2579 1839 2609 con-

165 2637 170 2642 ’
205 2640 356 2681 siderat
399 2637 561 2680 Titulus
598 2638 670 2690 ll',
707 2653 877 2695 nempe:
918 2638 974 2681 lte
1003 2652 1234 2695 poenarum
1286 2639 1468 2690 notione,
1514 2636 1737 2695 speciebus.
1766 2637 1835 2681 jn-

208 2708 512 2765 terpretatione
560 2714 685 2765 atque
734 2709 1034 2766 applicatione,
1070 2714 1209 2765 postea
1258 2722 1424 2752 causam
1475 2722 1618 2752 earum
1654 2710 1833 2751 activam

325 2863 335 2885 1
363 2862 509 2896 March.
535 2862 688 2905 XXIII,
716 2862 751 2902 8,
782 2863 814 2896 9.
845 2883 877 2887 —
916 2863 929 2884 2
955 2863 994 2896 II
1020 2862 1068 2896 ad
1095 2862 1296 2896 Thimoth.
1327 2862 1393 2903 IV,
1422 2863 1456 2895 2.
