1981 3182
238 130 309 164 272
612 128 696 162 Lm.
718 128 763 162 V.
785 148 797 153 —
818 128 926 163 PARS
944 128 1017 163 III.
1038 149 1050 154 —
1069 129 1125 163 De
1138 132 1276 173 poenis
1295 132 1337 163 in
1354 130 1495 164 delicta
1545 130 1638 165 Can.
1664 131 1868 166 2360-2361

241 261 321 291 non
358 248 453 302 108,
487 248 515 306 ἓ
549 247 591 304 1)
626 247 793 304 aliquod
828 246 1026 290 delictum
1060 248 1247 291 talsitatis
1288 248 1349 291 vel
1396 262 1495 292 usus
1535 248 1586 292 de
1618 263 1696 307 quo
1729 255 1866 294 actum

239 320 313 362 fuit
360 319 399 361 in
434 318 461 376 ξ
496 321 516 361 1
562 318 863 360 committentes
912 318 1013 361 aliis
1059 318 1205 376 poenis
1243 334 1263 359 (c
1290 319 1556 362 vindicativis
1590 321 1869 376 peculiaribus

240 392 469 446 ipsorum»
508 389 617 445 (can.
655 389 797 444 2298ss
829 395 1069 446 praeterea,
1104 392 1199 446 qnia
1233 389 1310 433 sub
1343 390 1432 435 cit.⁰
1468 393 1723 447 praescripto
1756 405 1868 435 com-

239 459 446 516 prehensi,
481 465 767 506 coerceantur.
803 473 852 503 ne
885 460 982 518 quid
1020 460 1192 503 ulterius
1236 465 1451 514 attentent,
1485 475 1591 519 qztae
1622 474 1779 518 poenae
1812 463 1867 505 fe-

238 530 391 573 rendae
434 533 662 573 sententiae
707 530 1140 574 «indeterminatae»
1186 545 1315 588 iisque
1362 531 1417 574 ad
1461 532 1743 589 privationem
1790 533 1867 577 sub

238 602 296 643 n.O
332 600 375 643 6⁰
409 607 516 644 can.S
552 601 664 644 2298
698 600 884 657 beneficii
931 608 1035 653 (can.
1086 601 1230 658 1409),
1280 600 1412 658 officii
1463 605 1649 646 «stricto
1697 617 1818 647 sensu
1842 620 1861 645 ))

237 672 345 728 (can.
386 672 478 725 145,
512 672 540 730 ξ
560 671 615 728 1),
653 671 879 729 diym'tatis
902 672 964 715 vel
984 672 1216 730 pensionis,
1255 675 1308 715 uti
1343 686 1584 729 supremum
1609 676 1752 730 gravis
1776 688 1866 729 poe-

236 756 311 786 nae
346 742 534 792 limitem,
567 742 738 785 extendi
755 748 954 800 possunt:
986 743 1180 800 reli9i03i
1212 749 1364 793 autem,
1388 745 1477 786 sive
1511 759 1531 784 ((
1555 744 1694 788 clerici
1717 760 1739 785 ))
1777 747 1865 789 sive

237 812 343 865 laici,
383 815 496 870 «qui
534 818 626 855 vota
661 818 953 869 nuncuparunt
989 816 1026 856 in
1060 814 1198 871 aliqua
1240 813 1484 870 religione»
1523 814 1632 871 (can.
1667 815 1865 872 488,70)‚

241 888 546 940 «praeterea»
586 889 626 926 ut
662 883 919 927 declaratum
955 889 1015 927 est
1048 883 1125 928 hoc
1161 883 1350 934 vei-bum,
1384 889 1507 942 atque
1546 885 1864 930 «determinata

238 966 366 1010 poena
416 954 611 997 ferendae
658 957 929 997 sententiae»
966 954 1192 1018 prii-entur
1228 954 1269 1005 a)
1303 955 1492 997 ommibus
1540 954 1693 1013 officiis
1740 959 1862 1000 etiam

240 1041 261 1065 «
287 1024 366 1068 lato
399 1038 566 1068 sensu»
607 1027 719 1068 iuxta
753 1026 1098 1081 significationem
1134 1025 1256 1069 huius
1291 1028 1534 1081 privationis
1558 1029 1595 1069 in
1622 1029 1710 1070 iure
1742 1040 1863 1070 cano-

235 1098 327 1139 nico
363 1098 569 1140 usitatam.
605 1110 707 1153 qnae
740 1096 781 1138 in
816 1095 1024 1153 reliyione
1058 1095 1220 1151 liabent,
1258 1096 1299 1153 b)
1334 1102 1372 1139 et
1408 1111 1500 1140 roc-e
1527 1097 1664 1140 actim
1698 1103 1737 1140 et
1764 1111 1863 1156 pas-

234 1167 338 1217 siva,
369 1172 543 1224 praeter
576 1166 688 1209 alias
717 1180 877 1224 poenas
902 1169 988 1223 ipso
1014 1168 1119 1210 facto
1147 1167 1209 1210 vel
1236 1181 1329 1210 cum
1359 1168 1592 1223 Superioris
1627 1171 1863 1212 interventu

234 1238 507 1280 incurrendas
542 1237 582 1279 in
604 1237 796 1295 propriis
821 1238 1020 1295 cuiusque
1045 1238 1256 1295 religionis
1280 1241 1470 1295 propriae
1495 1238 1863 1283 constitutionibus

232 1308 282 1351 ad
318 1321 408 1352 can.
444 1308 527 1351 489
563 1308 785 1351 declaratis
818 1314 1018 1352 statutas.

354 1379 450 1422 202.
486 1382 535 1424 ln
559 1382 881 1436 subreptione
905 1382 982 1426 vel
1006 1382 1301 1437 obreptione
1334 1382 1500 1437 quoad
1523 1382 1766 1437 rescripta
1797 1380 1864 1424 de-

234 1450 374 1494 lictum
424 1452 603 1493 existere
651 1453 862 1493 constituit
906 1465 996 1493 ean.
1031 1452 1165 1494 2361.
1204 1468 1226 1491 «
1253 1449 1432 1494 Verbum
1468 1450 1545 1494 hoc
1582 1451 1620 1493 si
1653 1451 1746 1508 quis
1780 1457 1859 1494 tam

236 1520 440 1564 masculos
464 1534 587 1578 quam
614 1522 786 1564 feminas
810 1521 1139 1578 complectitur»
1159 1522 1188 1575 ¹,
1208 1523 1288 1564 imo
1307 1526 1347 1564 et
1371 1523 1408 1564 in
1434 1534 1590 1565 canone
1615 1520 1705 1564 illos
1723 1524 1862 1576 etiam,

237 1594 349 1649 «qui
398 1594 594 1648 rescripta
641 1594 864 1648 impetrare
908 1606 1103 1648 expresse
1148 1591 1462 1649 prohibentur»
1502 1592 1610 1648 (can.
1645 1592 1712 1647 36,
1745 1595 1770 1646 ἓ
1806 1592 1861 1648 1),

232 1662 460 1705 dummodo
493 1662 532 1719 a)
570 1662 609 1705 iii
643 1662 835 1720 precibus
871 1662 912 1719 b)
947 1663 1002 1705 acl
1036 1664 1285 1721 rescriptum
1321 1665 1485 1719 proprie
1517 1663 1674 1706 dietum
1708 1677 1732 1706 a
1757 1662 1861 1706 Sede

230 1732 472 1790 Apostolieu
507 1733 557 1776 ad
593 1747 779 1776 normam
815 1747 903 1777 can.
940 1735 979 1787 7,
1016 1733 1075 1776 rel
1109 1749 1132 1776 (ι
1168 1734 1248 1777 loci
1286 1733 1518 1777 Ordinurio
1552 1733 1750 1790 quolibet,
1779 1747 1856 1776 non

233 1818 330 1848 vero
363 1807 394 1847 si
431 1817 451 1847 a
486 1804 708 1861 Superiore
735 1807 888 1848 maiore
914 1805 1125 1861 religionis
1159 1805 1363 1848 clericalis
1396 1809 1614 1860 exemptae
1638 1806 1759 1848 luerit
1784 1805 1856 1847 im-

227 1874 496 1932 petramlicm,
547 1880 753 1933 quatenus
802 1876 1045 1931 intenditur,
1095 1878 1168 1919 etsi
1218 1875 1269 1919 de
1317 1876 1422 1919 tacto
1472 1888 1550 1918 non
1600 1877 1858 1932 impetretur,

229 1946 269 2003 c)
303 1946 458 2003 fraude.
493 1946 554 1989 rel
587 1946 697 2001 (tolo,
731 1960 880 2003 nempe
913 1949 1093 1990 scienter
1126 1947 1176 1990 ad
1211 1946 1520 2003 decipiendum,
1544 1959 1623 1989 non
1659 1952 1796 1990 autem
1825 1949 1856 1989 si

228 2032 277 2061 ex
314 2020 545 2073 ignorantia
589 2017 651 2061 vel
690 2018 967 2074 simplicitate,
1003 2017 1046 2074 d)
1084 2032 1221 2060 rerum
1260 2034 1281 2058 <‹
1306 2018 1488 2074 alioquin
1522 2019 1754 2061 necessario
1787 2031 1856 2060 ex-

230 2088 493 2144 primendum
521 2106 539 2127 »
581 2088 687 2145 (ca-n.
726 2089 798 2145 45)
834 2088 1070 2138 reticuerit,
1094 2094 1168 2131 atet
1200 2087 1356 2146 fulsum
1399 2088 1533 2145 quoad
1558 2089 1651 2131 sacti
1676 2090 1857 2145 speeiem

232 2158 294 2202 vel
329 2172 474 2202 causas
507 2160 763 2216 esposuerit,
796 2164 931 2216 potest
975 2173 997 2202 a
1042 2173 1116 2202 suo
1154 2162 1218 2202 cui
1258 2159 1502 2203 subiiciatur
1540 2157 1772 2202 Ordinatio
1804 2159 1854 2202 ad

229 2242 415 2273 normam
452 2242 540 2273 can.
578 2231 672 2273 198.
706 2230 733 2285 ξ
769 2231 804 2281 1,
840 2236 876 2273 et
912 2231 1045 2273 forsan
1081 2243 1101 2273 a
1136 2230 1358 2286 Superiore
1391 2233 1559 2283 maiore,¹
1585 2232 1616 2273 si
1646 2234 1784 2272 orator
1806 2232 1855 2273 sit

229 2300 446 2357 religiosus
479 2306 698 2357 exemptus
733 2301 944 2358 religionis
977 2301 1193 2355 clericalis,
1213 2314 1290 2357 pro
1324 2300 1471 2358 culpae
1500 2300 1856 2357 yi'ai·1'tale,qiiae

229 2376 312 2413 lum
353 2384 401 2414 ex
429 2371 571 2414 fraude
600 2371 662 2414 vel
693 2371 799 2417 dolo⁴
840 2377 926 2415 tum
966 2385 1013 2414 ex
1050 2376 1258 2414 momento
1292 2374 1449 2428 gratiae
1483 2370 1744 2423 obtinentiae,
1770 2377 1853 2413 tum

225 2455 275 2484 ex
310 2442 509 2499 qualitate
544 2442 824 2499 delinquentis
858 2442 1021 2498 pendet,
1053 2442 1217 2500 puniri,
1251 2455 1298 2485 ac
1333 2442 1506 2498 proinde
1544 2444 1857 2485 «committitur

226 2513 470 2568 prudentiae
496 2518 535 2555 et
558 2515 836 2556 conscientiae
858 2512 1126 2570 (Superioris)
1147 2526 1238 2556 eam
1261 2512 1453 2569 (poenam
1475 2511 1855 2569 indeterminatam)

227 2583 459 2638 infligere»
500 2582 608 2639 (can.
646 2583 772 2627 2223.
806 2583 834 2641 ὲ
869 2583 923 2639 2).

345 2653 647 2709 praescriptum
673 2657 842 2697 canonis
865 2659 924 2697 est
948 2654 1217 2709 servandum,
1241 2656 1329 2697 sive
1354 2656 1600 2710 rescriptum
1624 2654 1758 2697 torsan
1783 2653 1853 2697 ob-

224 2728 379 2767 tentum
418 2723 564 2778 valeat,
597 2727 686 2767 sire
722 2725 978 2768 invaliditate
1015 2724 1185 2779 laboret,
1218 2738 1266 2768 eo
1301 2724 1408 2782 quod
1433 2726 1491 2768 sic
1515 2724 1706 2781 explicit:
1736 2724 1851 2767 salz-o

341 2878 352 2898 1
380 2876 425 2909 D.
456 2876 524 2910 lib.
553 2876 596 2916 L,
627 2878 690 2910 tit.
720 2877 826 2918 XVI,
853 2877 877 2911 1.
907 2879 937 2911 1.
