1981 3182
269 135 355 170 Tl'r.
372 135 484 171 XIII.
501 155 514 162 -
527 136 584 171 De
601 137 752 171 delictis
769 139 907 171 contra
920 139 1185 178 auctoritates,
1201 134 1392 182 personas
1409 141 1444 172 et
1460 148 1521 173 res
1538 139 1661 173 eccles.

174 271 311 307 Titulus
334 271 407 308 Xlll

176 318 222 354 De
247 319 381 354 delictis
396 320 408 342 1

226 559 349 590 contra

143 1073 366 1115 auctoritates
384 1093 423 1098 ——

185 1932 347 1968 personas
374 1944 418 1949 —

220 2445 253 2478 et
278 2452 332 2477 res
370 2462 413 2467 -

186 2489 367 2525 ecclesias-

178 2542 183 2545 '
233 2537 320 2572 ticas

781 1615 822 1619 —
851 1594 1101 1639 perseverando
1132 1595 1167 1628 in
1198 1594 1559 1630 excommunicatione

800 1647 859 1676 aut
885 1641 1113 1687 suspensione

1615 995 1630 1012 ))

1613 1177 1702 1203 »ἶ-

1614 1271 1691 1296 ))“

1610 1506 1698 1534 »2

1710 137 1780 171 219

1684 979 1774 1015 2335

447 340 490 344 —
516 319 552 353 in
579 318 738 364 eligendo
764 317 909 354 Summo
937 317 1103 354 Pontifice
1128 321 1325 354 commissis

440 478 489 485 1—-
527 459 738 506 praecipien-
770 480 819 503 ;—
846 458 959 504 quoad
988 459 1261 495 inobedientiam

468 512 518 542 tes
716 507 771 545 -.l

768 549 817 579 l—
846 563 904 598 per
928 552 1200 598 appellationem

696 669 744 678 ‚—
765 658 821 682 εει
827 648 925 683 lesia-
958 668 1006 683 1—
1033 648 1124 683 circa
1144 648 1274 684 litteras
1293 649 1344 684 vel
1363 654 1439 685 acta
1466 661 1567 696 quae-

725 695 828 730 sti‹as
901 686 959 761 —1
985 695 1070 730 libet

955 785 1002 814 Ῑ-
1032 790 1271 835 impediendas
1305 810 1347 815 —

695 863 744 907 ¹—
770 883 874 918 etiam
901 883 1030 919 civiles.
1054 895 1181 920 nomen
1206 885 1324 920 dando
1358 871 1360 881 ⁴

444 952 483 956 —
502 931 614 977 quoad
630 941 661 966 e·
694 964 696 972 ,
723 931 824 965 sectis
1302 953 1348 957 —
1365 953 1406 957 —
1435 932 1564 967 machi-

448 978 682 1014 xercitium—
1385 980 1553 1015 nantibus

1384 1085 1404 1109 a
1430 1074 1563 1109 clericis

1354 1128 1357 1164 ξ
1382 1126 1415 1157 et
1432 1122 1566 1167 religio-

1354 1165 1356 1212 1
1382 1169 1429 1203 sis

702 1282 742 1287 —
770 1262 1030 1308 impediendum
1058 1262 1093 1297 in
1123 1263 1288 1309 paroeciis

775 1376 824 1454 Ῐ-
853 1356 886 1390 in
916 1357 1147 1392 resonatione
1173 1368 1212 1392 ac
1242 1368 1300 1402 per
1326 1368 1491 1393 censuras

441 1455 699 1487 —coercentes
722 1472 825 1516 -ἑ-
853 1463 912 1498 per
937 1451 1135 1497 sepulturae
1161 1451 1414 1488 ecclesiasticae
1447 1453 1558 1499 priva-

773 1518 776 1607 ᾧ
803 1505 931 1534 tionem

447 1730 1763 1740 ——————.——-——-—-—-.—,—.————

873 1804 916 1809 —-
945 1783 1113 1829 privilegii
1143 1783 1203 1818 fori

874 1897 915 1903 -
942 1878 1123 1914 clausurae
1161 1878 1372 1923 regularium
1412 1883 1447 1914 et
1486 1889 1556 1913 mo-

434 1897 477 1902 —
498 1888 556 1923 per
571 1877 793 1913 violationem
813 1898 853 1903 —

895 1925 1042 1960 nialium

873 2040 913 2044 -
944 2019 1111 2065 privilegii
1139 2020 1284 2055 canonis

442 2133 471 2137 -
505 2122 564 2158 per
590 2113 736 2149 iniurias
764 2113 918 2149 verbales
944 2119 1001 2148 aut
1030 2115 1064 2148 in
1092 2114 1230 2160 scriptis

434 2270 476 2276 —
501 2260 541 2285 ac
569 2250 644 2286 iura
668 2251 711 2285 ad
741 2250 928 2286 Ecclesiam
958 2250 1149 2286 Romanam
1179 2251 1387 2297 pertinentia

756 2367 804 2377 .—
827 2346 1154 2393 ¹quomodocumque
1181 2346 1382 2391 usurpando
1408 2356 1466 2381 eas

432 2415 476 2420 —
501 2397 580 2429 actu
598 2392 684 2428 tales
703 2413 745 2418 —

761 2461 805 2465 -—
832 2440 867 2475 in
894 2451 1013 2476 earum
1040 2440 1253 2476 alienatione

771 2555 803 2560 υ
832 2535 1048 2580 negligentes
1067 2535 1178 2580 legata
1199 2534 1249 2570 vel
1268 2534 1474 2570 donationes
1493 2535 1556 2569 im-

434 2603 475 2607 —
502 2593 539 2618 ex
559 2581 676 2618 debito
702 2601 745 2608 —
786 2582 878 2628 plere

764 2696 807 2701 —-
832 2676 1025 2712 recusando
1053 2675 1304 2722 praestationes
1323 2675 1476 2720 legitime
1495 2675 1551 2710 de·

773 2723 863 2759 bitas

251 2883 388 2931 1mVide
415 2894 582 2918 canones
609 2883 650 2917 in
677 2894 792 2928 pagg.
822 2884 905 2927 218,
933 2882 1014 2916 2202

1602 2595 1616 2613 ))
1672 2607 1689 2614 -

1604 2728 1681 2753 »“
