1981 3182
1452 0 1530 7 --wa
1575 0 1687 9 η-’.ι-ν-ι

1752 18 1758 26 v
1786 0 1927 33 ...bu-1
1927 0 1979 53 u

216 137 284 171 130
661 137 764 172 vL113.
791 137 835 170 V.
866 158 878 162 -
906 137 1016 172 PARS
1042 137 1091 171 11.
1118 157 1130 162 -
1157 137 1214 172 De
1237 140 1371 182 poenis
1625 138 1718 174 Can.
1744 135 1841 175 2258

215 258 394 312 gentiam
433 258 565 312 primo
589 256 870 299 adnotandum
897 261 956 299 est
989 257 1096 314 quod
1133 256 1283 313 legitur
1317 259 1354 298 in
1379 268 1469 313 cap.
1495 256 1548 299 13
1588 273 1607 297 «
1626 257 1676 301 de
1699 257 1838 315 appel-

216 326 436 369 lationibus
459 341 479 367 ))
517 326 585 382 (ll,
623 326 719 383 28):
758 343 779 367 «
802 329 840 370 Si
880 341 977 370 vero
1011 341 1205 371 excessus
1241 325 1429 382 publicus
1461 332 1520 370 est
1554 331 1751 383 notorius,
1775 341 1842 385 ap-

215 397 446 454 pellationis
488 397 657 441 obtentu
708 411 786 440 non
837 401 1154 454 praetermittas,
1198 399 1298 454 quin
1342 411 1412 440 eos
1459 401 1842 442 excommunicatos

213 469 453 523 denuncics,
499 470 690 526 ipsosque
736 470 862 511 facias
909 471 1012 511 sicut
1063 470 1445 511 excommunicatos
1487 469 1670 524 (notetur
1718 469 1841 526 bene)

213 541 374 583 cautius
406 541 612 587 evitari»,
637 539 745 595 quod
770 542 977 595 supponit,
1011 553 1081 582 eos
1115 541 1193 582 iam
1231 541 1399 594 praevie
1423 539 1729 583 denunciationi
1754 542 1840 583 evi-

212 610 358 653 tandos
391 611 515 652 fuisse
548 622 568 652 a
604 609 796 652 tidelibus
829 611 1302 653 excommunicationem
1338 609 1614 653 noscentibus.

333 679 532 723 Martinus
567 693 665 722 vero
700 678 729 721 V
764 685 892 723 const.
932 696 953 720 α
977 680 1038 722 Α(1
1074 679 1312 722 evitanda»
1350 692 1456 722 anno
1493 680 1603 723 1418
1644 683 1680 722 in
1715 679 1840 724 Conc.

213 750 514 794 Constantiensi
548 753 689 793 statuit
736 750 993 793 conditiones
1026 750 1101 793 sub
1134 749 1285 807 quibus
1318 753 1667 794 excommunicati
1717 751 1841 794 debe-

216 827 303 864 rent
352 835 439 864 esse
488 833 509 863 a
555 820 745 864 tidelibus
782 822 952 875 vitandi,
1001 824 1053 864 ita
1098 821 1402 864 distinctionem
1454 821 1668 875 inducens,
1717 834 1839 878 quam

215 896 417 935 memorat
451 898 489 935 et
522 893 740 935 contirmat
775 894 862 934 iure
894 894 1047 946 scripto
1081 905 1171 935 ean.
1194 894 1333 935 3958.
1368 894 1450 945 51.
1475 890 1841 935 Exeoitznznm'eatef

213 963 292 1006 alii
324 969 421 1006 sunt
455 976 475 1006 a
511 963 703 1007 fidelibus
736 963 871 1020 quoad
907 963 1044 1019 plures
1083 963 1191 1006 illius
1223 963 1474 1006 exclusionis
1514 967 1630 1006 actus
1662 962 1840 1014 vitandi,

213 1037 338 1078 ceteri
377 1048 475 1078 vero
509 1034 588 1077 alii
635 1036 984 1077 excommunicati
1029 1034 1161 1091 quoad
1198 1034 1363 1077 eosdem
1408 1040 1524 1077 actus
1572 1036 1610 1076 in
1656 1034 1839 1077 tidelium

212 1108 463 1150 consortium
501 1105 683 1148 tolerati.

331 1177 446 1220 Hanc
480 1177 787 1220 distinctionem
813 1176 1021 1220 elucidant
1049 1176 1173 1219 vei-ba
1208 1175 1493 1219 Instructionis
1518 1176 1555 1219 S.
1580 1174 1621 1219 C.
1648 1176 1698 1219 de
1724 1176 1841 1232 Prop.

213 1249 310 1292 Fide
344 1249 391 1291 ad
431 1246 515 1291 Vic.
551 1248 625 1304 Ap.
661 1247 885 1291 Sutchuen.
912 1248 947 1290 ¹:
988 1263 1008 1288 ((
1036 1247 1166 1305 Atque
1201 1249 1238 1289 in
1273 1246 1378 1290 lianc
1413 1260 1498 1290 rem
1533 1247 1631 1290 illud
1660 1250 1839 1290 maxime

212 1319 559 1363 considerandum
599 1319 777 1373 videtur,
811 1331 909 1361 num
943 1318 1091 1375 aliquis
1139 1332 1210 1374 per
1248 1320 1492 1360 sententiam
1539 1318 1686 1361 iudicis
1720 1319 1843 1361 fuerit

212 1392 598 1434 excommunicatus
630 1402 677 1432 ac
714 1389 875 1445 publice
909 1389 1188 1443 denuntiatus,
1223 1402 1272 1432 an
1311 1402 1409 1432 vero
1442 1402 1531 1432 eam
1567 1401 1783 1432 censuram
1820 1401 1841 1432 a

213 1463 301 1504 iure
325 1462 592 1513 contraxerit,
627 1460 735 1503 haud
761 1460 929 1517 quidem
964 1460 1113 1503 iudicis
1135 1461 1336 1502 sententia
1360 1459 1627 1510 declaratam,
1651 1459 1720 1502 sed
1746 1472 1839 1502 cum

212 1535 385 1586 crimen,
421 1536 588 1588 propter
621 1531 729 1588 quod
767 1533 803 1573 iu
844 1532 1320 1574 excommunicationem
1354 1530 1510 1584 incidit,
1546 1532 1598 1573 ita
1633 1531 1838 1572 notorium

212 1616 259 1647 ac
305 1604 564 1646 manifestum
599 1605 664 1656 sit,
699 1607 742 1645 ut
776 1601 885 1645 nulla
931 1604 1055 1658 possit
1089 1603 1434 1657 tergiversatione
1467 1600 1606 1655 celari,
1639 1606 1706 1644 aut
1740 1602 1842 1645 iuris

210 1675 406 1730 suffragio
440 1675 645 1727 excusari,
681 1672 775 1716 hinc
820 1675 970 1729 passim
1004 1673 1113 1729 apud
1160 1672 1339 1728 reliquos
1373 1671 1515 1715 fideles
1558 1685 1630 1728 pro
1676 1671 1840 1728 publico

213 1750 430 1802 peccatore
479 1744 691 1788 habeatur.
741 1744 918 1801 Uterque
963 1744 1143 1800 profecto
1186 1756 1206 1786 a
1251 1744 1518 1787 Sacramento
1562 1743 1841 1786 Poenitentiae

212 1816 353 1873 repelli
388 1815 532 1862 debet:
569 1820 778 1872 nequeunt
802 1817 910 1858 enim
937 1816 1285 1857 excommunicati
1319 1815 1540 1870 participes
1574 1815 1660 1856 tieri
1695 1813 1839 1856 Sacra-

212 1892 460 1930 mentorum.
496 1885 726 1929 Discrimen
762 1890 897 1929 tamen
944 1887 1049 1928 inter
1093 1890 1314 1941 utrumque
1349 1884 1579 1930 intercedit,
1615 1884 1723 1941 quod
1769 1898 1840 1927 ex-

211 1959 542 2001 communicatus
575 1962 614 2000 et
646 1956 913 1999 denuntiatus
954 1958 1153 1999 sententia
1205 1955 1365 2009 iudicis,
1399 1968 1491 1998 cum
1526 1968 1547 1998 a
1581 1959 1840 1998 caeterorum

212 2028 395 2073 fidelium
431 2029 724 2071 communione
756 2031 986 2082 separetur,
1007 2025 1203 2068 vitandus
1233 2028 1356 2069 etiam
1381 2030 1453 2080 est,
1481 2025 1656 2083 ideoque
1691 2038 1765 2068 nec
1801 2028 1838 2068 in

211 2099 430 2143 ecclesiam
464 2099 624 2142 admitti
661 2102 804 2154 potest,
840 2103 880 2140 ut
917 2099 1131 2140 incruento
1179 2097 1390 2140 Sacriticio
1424 2096 1606 2150 adsistat,
1653 2095 1839 2152 publicas

212 2183 355 2227 preces
404 2169 562 2222 fundat,
604 2171 863 2226 caeterisque
906 2167 1198 2211 communibus
1246 2167 1458 2224 religionis
1505 2168 1650 2210 officiis
1692 2166 1839 2217 adstet,

211 2245 383 2296 excepta
418 2240 634 2283 dumtaxat
671 2238 791 2282 Verbi
837 2238 907 2282 Dei
946 2238 1266 2294 praedicatione,
1297 2250 1421 2294 quam
1456 2239 1841 2281 excommunicatos

211 2311 355 2354 audire
389 2324 408 2354 a
446 2313 532 2354 iure
569 2312 815 2366 permissum
850 2314 924 2364 est,
958 2322 1048 2365 cap.
1087 2309 1375 2365 «Responso»
1414 2308 1467 2351 43
1507 2324 1527 2349 «
1548 2307 1604 2351 De
1637 2309 1839 2351 sententia

211 2383 655 2425 excommunicationis
672 2397 711 2424 ›).
747 2380 782 2423 ls
818 2394 915 2424 vero
949 2383 1013 2423 cui
1048 2381 1491 2423 excommunicationis
1523 2378 1632 2422 nulla
1677 2383 1736 2422 est
1781 2381 1839 2421 in-

211 2453 319 2495 dicta
352 2454 569 2506 sententia,
597 2451 659 2494 vel
696 2451 901 2495 iudicialis
933 2450 1173 2503 declaratio,
1197 2463 1273 2493 nec
1295 2463 1316 2493 a
1342 2449 1527 2493 fidelium
1561 2454 1679 2492 coetu
1716 2450 1843 2506 repel-

212 2522 320 2565 litur.
354 2536 487 2579 neque
520 2522 633 2565 aditu
668 2521 869 2565 ecclesiae
905 2520 1159 2577 prohibetur,
1183 2534 1257 2564 nec
1291 2533 1311 2563 a
1348 2519 1522 2576 publicis
1558 2519 1748 2576 precibus
1771 2532 1838 2562 ex-

210 2592 415 2645 cluditur;
450 2594 812 2636 sacramentorum
849 2597 984 2635 tamen
1023 2593 1347 2647 participatione,
1382 2592 1486 2634 sicut
1531 2592 1568 2632 in
1603 2591 1737 2645 seipso
1780 2591 1838 2631 in-

210 2676 339 2720 capax
375 2668 434 2706 est
482 2664 611 2720 (quod
647 2663 698 2706 de
731 2662 892 2706 occulto
926 2664 1286 2706 excommunicato
1322 2661 1430 2706 valet
1478 2659 1675 2718 quoque),
1719 2661 1773 2703 ita
1817 2673 1837 2702 a

213 2734 321 2777 fideli
359 2736 649 2790 mysteriorum
687 2733 757 2776 Dei
792 2734 1076 2790 dispensatore
1120 2734 1265 2775 merito
1298 2731 1516 2785 arcendus,
1551 2735 1718 2787 propter
1760 2732 1838 2774 cri-

330 2888 340 2908 ¹
369 2887 413 2920 29
442 2888 532 2930 Apr.
562 2886 663 2922 1784.
691 2885 939 2920 Collectanea
965 2886 1001 2920 S.
1029 2885 1070 2919 C.
1100 2885 1144 2918 de
1172 2885 1214 2918 P.
1245 2884 1287 2918 F.
1317 2896 1354 2918 n.
1385 2884 1464 2918 569.
