1981 3182
159 103 226 137 178
623 102 708 136 Lm.
737 101 783 135 V.
812 121 824 126 -
852 101 962 135 PARS
988 101 1040 135 Π.
1071 121 1081 127 -
1109 102 1165 136 De
1183 104 1323 146 poenis
1459 100 1553 136 Gan.
1579 100 1785 136 2294-2296

157 223 385 266 secundum
422 236 505 279 reg.
542 223 594 265 87
630 224 730 265 iuris
766 224 803 264 in
839 222 881 264 60
921 237 940 262 ((
965 220 1189 265 lnsamibus
1234 225 1374 277 portae
1412 233 1492 263 non
1528 225 1691 276 pateant
1722 220 1783 263 di-

155 295 358 349 gnitatum
382 309 404 334 ))
442 296 736 349 exposcuntur,
771 305 895 349 quam
929 295 1055 336 ceteri
1074 291 1156 336 'sub
1179 304 1255 347 cap
1308 292 1357 334 13
1396 306 1416 331 ((
1440 291 1491 334 de
1515 290 1778 334 haereticis»

154 363 213 416 (Y,
250 363 293 420 7)
328 369 367 407 et
398 363 474 407 sub
508 363 678 406 Extrav.
714 365 923 406 communi
959 362 1122 406 loannis
1158 361 1267 404 xxti
1303 364 1423 405 unica
1462 377 1483 402 a
1506 362 1557 404 de
1592 363 1732 417 poenis
1756 376 1778 401 »

153 437 351 490 expressi.

269 506 297 562 ᾗ
326 508 368 548 2.
407 504 489 558 Qui
522 504 687 547 laborat
722 504 905 562 infamia
938 504 1056 562 faeti,
1098 504 1228 547 idest:
1265 516 1480 560 usquequo
1520 519 1538 543 z<
1564 502 1669 546 bona
1702 505 1785 545 exi-

152 579 332 619 stimatio
367 577 488 619 fuerit
524 580 765 632 recuperata
788 592 806 616 ))
848 576 954 633 (can.
993 574 1138 631 2295),
1175 573 1324 631 repelli
1347 572 1463 616 debet
1486 573 1537 617 ab
1559 571 1783 618 Ordiuario

153 650 241 690 eius
274 647 314 703 a)
351 652 433 689 tuin
459 662 483 689 a
518 646 772 704 recipiendis
796 647 904 690 licite
928 645 1147 689 ordinibus
1187 661 1205 685 ‹(
1229 650 1267 688 et
1302 647 1385 701 ipsa
1411 647 1543 701 prima
1567 650 1732 687 tonsura
1758 659 1781 684 »

155 718 262 775 (can.
299 717 416 776 950),
461 717 515 761 ad
559 732 749 761 normani
782 732 873 759 ean.
907 719 1017 766 987,
1054 731 1091 759 n.
1128 719 1169 769 7,
1205 716 1242 758 id
1278 721 1365 758 est:
1403 717 1457 758 uti
1497 715 1786 771 «simpliciter

156 789 379 844 impeditus
402 804 440 843 )>,
476 787 768 846 diynitatibus,
803 788 1023 844 benefieiis,
1057 786 1210 845 officiis
1234 785 1545 839 ecelesiasticis,
1568 798 1588 828 a
1612 785 1786 841 singulis

157 861 323 915 proprie
355 873 426 902 seu
461 861 602 902 stricto
645 872 767 902 sensu
810 859 943 908 dictis,
981 858 1021 915 b)
1056 863 1142 900 tum
1176 856 1224 900 ab
1257 855 1486 899 exercendo
1523 856 1631 899 licite
1663 869 1785 899 sacro

157 930 392 973 ministerio
427 933 464 973 in
499 930 536 985 §⁰
572 943 708 986 praec.
733 928 956 984 declarato,
981 935 1019 971 et
1051 929 1090 985 c)
1131 928 1316 985 «repelli
1352 927 1474 972 debet
1498 943 1518 969 ))
1557 926 1605 970 ab
1624 927 1786 970 actibus

155 1000 356 1058 leyitimis
390 1001 688 1043 ecelesiasticis
729 1001 836 1057 (can.
875 1001 1002 1053 2256,
1036 999 1093 1044 n.⁰
1130 1000 1207 1055 ⁶20),
1241 1012 1344 1056 quos
1377 1004 1513 1042 tamen
1549 998 1689 1042 illicite
1721 1012 1782 1041 so-

155 1072 238 1116 lum
274 1077 457 1129 poneret,
493 1077 534 1115 ut
568 1077 726 1115 constat
769 1086 817 1114 ex
858 1070 1086 1114 canonibus
1129 1070 1237 1127 apud
1277 1069 1439 1114 Codicis
1473 1071 1605 1113 fontes
1637 1071 1784 1113 citatis.

278 1144 370 1186 127.
406 1145 641 1189 Infamiae
673 1145 956 1189 alterutrius
991 1144 1219 1188 cessatio.
1264 1144 1403 1184 22:295.
1441 1139 1625 1198 Infamia
1662 1140 1786 1191 iuris,

154 1219 294 1271 utpote
319 1227 423 1271 quae
462 1230 483 1255 (‹
503 1216 591 1257 iure
625 1216 834 1257 communi
860 1215 1111 1265 statuitur»,
1137 1226 1183 1256 ac
1209 1215 1247 1255 iu
1270 1212 1445 1268 siugulis
1468 1211 1633 1255 casibus
1659 1213 1784 1267 viget,

155 1284 323 1337 desinit,
359 1290 563 1342 quatenus
598 1297 727 1341 poena
761 1287 925 1327 incursa
960 1288 1032 1334 est5
1056 1283 1147 1326 sola
1181 1282 1497 1340 dispensatione
1528 1295 1600 1326 seu
1639 1281 1787 1337 «legis

156 1356 453 1400 relaxatione»
491 1363 596 1407 (can.
633 1354 705 1412 80)
741 1369 764 1397 a
800 1354 904 1398 Sede
936 1354 1176 1412 Apostoliea
1212 1353 1320 1411 (can.
1346 1354 1389 1410 7)
1414 1367 1621 1409 concessa,
1646 1358 1787 1409 utpote

157 1441 308 1484 urgens
346 1443 367 1467 a
392 1429 429 1469 in
464 1426 629 1470 casibus
664 1426 838 1483 publicis
872 1438 892 1468 a
928 1430 1127 1482 potestate
1159 1423 1371 1469 Ordinarii
1407 1426 1592 1481 exceptis
1615 1439 1634 1464 ))
1675 1423 1784 1481 (can.

159 1499 285 1553 2:237,
319 1501 343 1552 ἓ
381 1499 413 1553 l,
451 1498 540 1553 30);
576 1496 757 1555 infamia
792 1511 883 1539 cera
917 1496 1024 1554 faeti
1055 1496 1200 1552 supple
1239 1511 1259 1536 (ε
1281 1495 1430 1539 desinit
1455 1511 1474 1536 ))
1513 1508 1663 1551 urgere
1688 1496 1785 1537 iuri-

157 1569 249 1613 dice
288 1583 377 1611 euin
421 1568 525 1611 bana
569 1567 842 1615 esistinuttie,
887 1580 993 1625 quae
1025 1569 1271 1624 supponitur
1309 1568 1565 1617 «amissa»,
1600 1566 1640 1622 a)
1674 1564 1787 1623 apud

157 1639 298 1696 fideles
325 1638 475 1697 probos
508 1645 546 1681 et
577 1652 727 1695 arares
763 1638 803 1695 b)
838 1638 1026 1681 omnibus
1044 1637 1267 1695 perpensis
1292 1639 1481 1680 incursae
1506 1637 1702 1679 infamiae
1724 1648 1787 1678 ea-

157 1724 236 1768 que
271 1713 396 1754 notati
430 1709 644 1753 adiunctis
677 1712 800 1752 etiam
836 1711 1031 1764 externis,
1066 1714 1104 1751 et
1137 1710 1167 1751 c
1206 1708 1461 1765 praesertim
1493 1706 1697 1749 diuturna
1720 1706 1785 1749 rei

162 1797 182 1822 <(
205 1781 257 1826 ol]
292 1795 425 1825 mores
459 1794 648 1838 pravos»
695 1780 985 1823 eineiulalione
1027 1779 1174 1837 fuerit,
1207 1778 1409 1836 prudenti
1446 1777 1684 1829 Ordinmii,
1719 1779 1783 1820 cui

156 1853 223 1896 ille
247 1854 410 1896 infamis
432 1852 689 1907 subnotatur,
717 1851 887 1907 iudicio,
914 1864 1061 1907 nempe
1084 1851 1192 1908 quod
1220 1850 1284 1893 illa
1316 1866 1337 1890 a
1358 1850 1461 1893 bona
1486 1851 1736 1892 existimatio
1761 1863 1781 1889 ))

156 1928 205 1969 sit
241 1930 504 1981 recuperata,
539 1923 812 1980 exprimendo
848 1923 957 1966 velut
992 1922 1165 1965 iuridica
1200 1923 1440 1964 cessationis
1473 1920 1669 1964 conditio.

283 1996 375 2039 128.
411 1997 483 2042 De
516 1997 840 2041 inhabilitatis
871 2008 1034 2051 poena
1065 1993 1147 2036 duo
1173 1993 1348 2035 notanda
1373 1994 1512 2035 statuit
1538 2006 1626 2034 ean
1647 1993 1786 2034 2296.

161 2068 284 2111 Porro
317 2067 510 2123 explicite
544 2069 689 2110 asserit
721 2068 745 2119 ξ
778 2068 812 2108 1.
849 2065 891 2109 Si
924 2070 1079 2122 aqatur
1101 2064 1151 2107 de
1175 2064 1309 2117 rebus,
1333 2069 1417 2106 tum
1442 2076 1549 2120 quae
1574 2065 1789 2105 inveniun-

159 2142 224 2181 tur
257 2138 333 2181 sub
366 2136 452 2182 Lib.
489 2137 552 2190 tlt,
587 2142 672 2179 tuin
710 2135 964 2186 muneribus,
997 2149 1069 2178 seu
1115 2134 1399 2191 potestatibus,
1434 2132 1490 2176 ad
1533 2147 1637 2190 quas
1680 2146 1788 2175 asse-

159 2208 345 2266 quendas
379 2208 595 2265 capacitas
629 2208 823 2264 (neinpe:
859 2206 1116 2250 conditiones
1149 2205 1323 2248 subiecti
1357 2205 1406 2248 ad
1446 2204 1699 2247 validitatem
1726 2217 1785 2246 re—

160 2278 379 2336 ceptionis)
404 2279 496 2321 iure
518 2278 725 2322 communi
747 2291 817 2320 seu
842 2276 1004 2321 Codicis
1027 2277 1247 2326 statuitur,
1273 2276 1403 2319 idest:
1439 2288 1459 2318 a
1494 2287 1688 2331 suprema
1712 2274 1786 2317 Ec—

160 2351 310 2395 clesiae
331 2355 529 2406 potestate
552 2363 600 2393 ac
623 2349 873 2405 generaliter
897 2349 1108 2392 conditum
1128 2350 1175 2390 sit
1199 2350 1271 2401 ius,
1294 2345 1579 2389 iulutbitilatis
1596 2359 1787 2403 poenam,

159 2434 240 2479 qua
274 2421 372 2464 illud
408 2425 604 2463 statutum
642 2420 830 2463 inefficax
868 2418 1068 2471 redditur,
1104 2418 1297 2475 inslissere
1330 2420 1367 2460 in
1402 2430 1499 2460 casu
1535 2415 1789 2473 particulari,

159 2496 229 2535 aut
261 2505 310 2535 ex
345 2492 614 2548 consequenti
660 2504 731 2546 per
765 2489 897 2545 legem
943 2488 1234 2545 particularem
1271 2487 1512 2541 decernere,
1547 2500 1629 2528 una
1664 2484 1789 2529 Sedes

160 2561 403 2620 Apostoliea
443 2564 547 2614 (can.
583 2562 623 2617 7)
664 2566 812 2618 potest.
863 2559 1060 2602 Videlicet
1099 2572 1119 2601 a
1169 2558 1362 2601 Praelatis
1406 2558 1511 2600 infra
1556 2556 1787 2600 Romanuin

160 2633 401 2676 Pontificem
435 2632 617 2675 invalide
651 2635 935 2674 attentaretur.
973 2629 1075 2673 Hinc
1108 2632 1298 2685 arguitur
1340 2629 1551 2671 concessio
1585 2625 1790 2670 facultatis

161 2704 213 2747 de
247 2703 504 2747 inhabilitate
538 2703 800 2745 decernenda
836 2706 873 2745 et
909 2700 1131 2756 infligenda
1166 2700 1300 2757 quoad
1335 2699 1436 2742 alias
1470 2712 1548 2741 res.

281 2773 388 2827 Quia
426 2773 562 2816 «odia
599 2775 788 2829 restringi
824 2774 1062 2816 convenit»
1102 2771 1205 2827 (reg.
1243 2772 1342 2813 iuris
1379 2770 1429 2812 15
1463 2771 1500 2811 in
1537 2768 1614 2824 6⁰),
1647 2767 1790 2810 ‹lecer-

165 2848 223 2888 nit
256 2845 274 2898 ξ
307 2847 349 2889 Z).
389 2843 485 2887 lura
527 2844 607 2886 iam
644 2844 835 2901 qizaesita
881 2846 918 2885 in
962 2842 1098 2900 aliqua
1136 2855 1177 2885 re
1211 2855 1260 2884 ex
1301 2841 1422 2884 dictis
1459 2839 1536 2883 sub
1570 2841 1593 2892 ξ
1631 2837 1670 2881 10
1709 2850 1792 2880 uon
