1981 3182
478 140 564 173 TIT.
593 139 624 174 Ι.
653 159 665 165 -
691 139 748 173 De
774 142 922 173 natura
949 140 983 173 et
1009 139 1201 173 divisione
1226 138 1357 172 delicti
1675 147 1678 151 ’
1708 138 1730 171 3

101 259 267 304 lllarum
303 259 440 315 legum
477 259 810 307 inobservantiae
843 262 937 300 sunt
969 270 1135 312 semper
1169 259 1519 312 transgressiones
1556 259 1645 299 viae
1679 256 1728 299 ad

101 332 225 374 finem
259 329 462 384 ducentis.²
496 335 533 372 et
567 342 673 387 qnae
707 328 859 371 debent
893 341 982 370 esse
1017 327 1199 369 humano
1226 332 1416 383 peractae
1442 327 1578 380 inodo,
1603 327 1730 370 idest:

100 414 193 445 cum
219 399 446 443 deliberata
476 400 708 450 voluntate3
734 397 971 440 hominibus
995 399 1105 439 enim
1133 396 1244 452 leges
1269 399 1550 452 imponuntur.
1574 396 1732 440 Relicto

102 473 226 528 igitur
249 473 590 527 transgressionis
607 471 817 513 communi
844 470 1011 509 nomine
1033 480 1104 523 pro
1124 466 1377 524 quibuslibet
1397 467 1533 523 legum
1554 466 1734 510 inobser-

100 543 264 594 vantiis,
299 543 464 597 proprie
496 540 645 583 delicta
679 543 799 581 erunt
834 538 926 580 illae
962 540 1328 594 transgressiones,
1361 550 1466 594 quae
1510 537 1628 580 valde
1662 552 1731 593 op-

100 616 309 666 ponuntur
344 613 411 654 lini
446 623 586 653 earum
624 609 758 665 legum
795 608 1103 665 mnsequendo.
1140 607 1215 650 Hie
1240 613 1299 650 est
1326 607 1476 650 bonum
1512 621 1732 651 commune

99 681 308 725 socialiter
337 680 689 737 consequendum.
725 677 887 731 Quanta
923 692 1020 721 xero
1051 681 1099 726 sit
1125 680 1328 734 oppositio
1364 680 1732 733 praevar-irationis

98 758 240 796 eontra
275 752 385 808 leges
418 764 516 806 erga
553 750 664 793 illum
713 752 834 792 linem
883 750 1198 792 determinanda
1234 754 1293 792 est
1327 748 1378 792 ab
1412 762 1474 800 eo,
1506 751 1575 805 qui
1611 748 1732 791 huius

99 836 241 868 curam
262 823 418 866 habens
438 822 548 878 leges
566 822 764 872 condidit,
785 823 850 863 eui
878 821 1048 876 proinde
1073 823 1268 876 competit
1294 833 1488 863 coercere
1509 825 1732 875 transgres-

98 897 233 938 siones
266 893 498 950 praedictas
522 897 688 948 propter
723 891 817 934 boni
850 894 1084 934 eorninunis
1119 891 1417 934 defensionem.
1444 890 1512 933 llla
1539 905 1637 946 ergo
1662 891 1730 933 de-

99 966 333 1008 terminatio
365 964 611 1007 delictorum
647 963 696 1006 ad
734 963 963 1005 humanum
1003 962 1283 1017 legislatorem
1321 964 1510 1018 pertinet.

217 1035 254 1080 3.
290 1037 493 1081 Actuum
527 1037 792 1086 diversitas
814 1048 937 1090 super
961 1033 1207 1076 delictorum
1235 1035 1452 1076 materiam
1475 1038 1533 1076 est
1561 1036 1727 1088 praevie

100 1106 408 1163 perpendenda,
442 1105 607 1163 quando
651 1108 788 1161 agitur
821 1105 871 1147 de
907 1104 1105 1148 Errlesia.
1142 1107 1273 1148 Huius
1304 1107 1513 1147 societatis
1548 1106 1639 1147 linis
1673 1109 1731 1147 est

97 1178 369 1221 sanctificatio
393 1179 625 1219 animarum
651 1176 859 1219 socialiter
884 1176 1186 1232 prosequenda.
1222 1175 1333 1218 Haec
1363 1177 1636 1218 sanctificatio
1662 1189 1733 1231 per

100 1248 284 1291 fidelium
310 1253 426 1291 aetus
449 1247 658 1291 obtinetur
687 1248 746 1290 rel
774 1252 945 1289 nocetur
971 1249 1007 1288 in
1034 1247 1221 1303 singulis,
1247 1247 1355 1289 unde
1382 1246 1562 1289 Ecclesia
1588 1259 1729 1289 euram

100 1319 208 1363 illius
242 1333 390 1376 gerens
433 1319 581 1362 delicta
628 1322 749 1361 etiam
797 1332 874 1360 non
920 1319 1010 1360 aliis
1046 1319 1260 1360 manifesta
1297 1318 1576 1361 determinare
1610 1322 1733 1374 alque

98 1403 293 1433 coercere
326 1388 462 1433 debet.
496 1390 686 1432 Attamen
713 1390 894 1431 diximus
929 1388 1037 1430 illam
1072 1389 1443 1431 sao‹·1ili‹·ati‹mem
1479 1402 1567 1430 esse
1601 1390 1731 1430 soria-

100 1460 192 1503 liter
216 1461 563 1517 prosequendam,
588 1460 713 1504 idest:
742 1465 939 1515 potestate
963 1461 1172 1502 societatis
1197 1459 1390 1502 liumana.
1411 1472 1517 1516 quae
1542 1459 1590 1501 ad
1617 1463 1733 1502 actus

101 1545 212 1575 mere
246 1534 428 1574 internos
460 1533 533 1574 etsi
569 1532 883 1573 sanetilirationi
914 1530 1032 1573 xalde
1057 1533 1286 1573 contrarios
1316 1532 1550 1586 pertingere
1577 1533 1732 1587 nequit,

103 1618 125 1643 c(
149 1601 336 1645 homines
369 1604 477 1645 enim
517 1602 654 1644 rident
681 1614 727 1644 ea
757 1598 862 1657 quae
899 1606 1054 1657 parent,
1084 1600 1190 1643 Deus
1214 1605 1351 1643 autem
1390 1603 1574 1643 intuetur
1598 1615 1669 1643 cor
1691 1617 1730 1642 ».

101 1672 275 1714 Proinde
301 1671 366 1714 illa
392 1672 541 1715 delicta
577 1672 727 1714 debent
760 1672 979 1727 designare
1013 1671 1157 1713 saltem
1184 1673 1369 1714 actiones
1395 1676 1601 1716 externas,
1627 1684 1733 1728 qime

99 1756 247 1799 nempe
269 1742 460 1786 sensibus
485 1745 638 1799 perripi
664 1743 806 1785 saltem
836 1745 1000 1798 possint.
1030 1742 1244 1785 l'raeterea
1270 1744 1544 1785 sanctificatio
1568 1756 1733 1799 quoque

98 1812 274 1858 aliorum
311 1814 494 1856 tidelium
531 1816 698 1857 interest
736 1817 915 1856 maxime
951 1813 1173 1862 Erclesiae,
1210 1813 1362 1870 illaque
1398 1827 1468 1869 per
1503 1818 1618 1856 actus
1653 1827 1730 1855 non

98 1884 231 1928 solum
267 1890 475 1934 externos,
502 1885 572 1927 sed
609 1885 698 1927 aliis
735 1884 1000 1939 paucioribus
1038 1885 1098 1927 rel
1135 1884 1456 1941 ‹piamplurimis
1480 1890 1609 1928 notos.
1636 1898 1730 1927 rum

98 1956 294 1999 seandalo
322 1956 383 1999 vet
410 1957 567 1999 ordinis
590 1957 754 1999 socialis
780 1956 1089 2012 perturbatione
1115 1961 1298 1998 noretur.
1322 1955 1404 1998 llas
1428 1970 1527 2010 ergo
1551 1958 1733 2011 artiones

99 2027 298 2070 danmare
331 2020 469 2070 delicti
514 2027 804 2084 appellatione,
831 2032 953 2084 atque
999 2032 1166 2084 propter
1201 2029 1292 2069 linis
1325 2026 1555 2078 custodiam
1593 2029 1734 2082 poenis

100 2100 304 2155 persequi,
340 2098 665 2142 adiudieamlum
707 2104 765 2141 est
790 2098 1098 2141 ecclesiastieae
1135 2100 1338 2153 potestati.
1373 2098 1489 2150 Quae
1523 2112 1616 2140 eum
1653 2111 1730 2139 non

99 2167 247 2212 debeat
281 2171 417 2211 omnia
454 2168 689 2212 huiusmodi
727 2172 887 2225 punire,
923 2182 971 2211 ne
1015 2169 1190 2218 aeridat,
1227 2173 1267 2211 ut
1304 2168 1429 2211 multa
1467 2168 1569 2211 bona
1608 2171 1731 2224 inipe-

97 2239 263 2282 diantur
295 2240 523 2282 seeundum
559 2243 768 2283 societatis
792 2240 997 2283 humanae
1022 2240 1317 2287 conditionem,
1343 2241 1470 2294 ipsius
1496 2242 1557 2281 ius
1581 2244 1618 2281 et
1644 2240 1730 2282 olli-

98 2312 206 2353 cium
231 2316 290 2353 est
325 2311 603 2354 determinare
627 2311 872 2354 delictorum
900 2324 1117 2354 numerum
1145 2313 1286 2367 poenis
1310 2310 1653 2355 coercemlorum.
1687 2310 1731 2353 Et

99 2379 194 2424 hinc
229 2386 337 2437 patet
372 2384 650 2438 inscriptionis
683 2396 828 2426 sensus
852 2382 1097 2438 completus,
1124 2394 1246 2438 quam
1285 2382 1509 2437 praesetert
1536 2380 1658 2424 Liber
1694 2380 1730 2424 Υ.

101 2449 161 2494 De
192 2450 358 2494 delictis
391 2459 429 2495 et
460 2454 620 2511 poema,
654 2459 693 2496 et
728 2459 868 2497 mutua
908 2453 1131 2497 verborum
1167 2455 1384 2497 connexio.

156 2560 160 2563 Δ
222 2522 278 2566 De
313 2523 377 2566 illa
412 2529 578 2567 actuum
614 2525 858 2568 diversitate
891 2526 1096 2567 sullieiant
1143 2524 1223 2565 dno
1269 2523 1545 2566 Decretalium
1583 2528 1732 2567 textus.

102 2594 237 2638 Primo
280 2597 335 2637 ait
379 2595 496 2638 Alex.
533 2595 582 2638 lll
621 2598 658 2638 in
699 2608 788 2652 eap.
826 2596 847 2650 (1
889 2596 984 2639 «de
1029 2595 1287 2651 temporibus
1330 2595 1727 2638 ordinationum...»

101 2666 147 2723 (l,
176 2666 271 2724 11);
301 2665 397 2708 «Ex
425 2671 566 2708 tenore
599 2671 764 2709 tuarum
801 2667 1030 2710 litterarum
1066 2669 1306 2722 accepimus
1339 2666 1447 2719 quod
1484 2665 1529 2708 N.
1556 2666 1732 2709 clericus

99 2737 202 2780 adeo
236 2737 423 2793 deliquit,
458 2737 566 2794 quod
603 2739 634 2779 si
671 2743 886 2793 peecatum
922 2740 1011 2780 eius
1043 2743 1147 2780 esset
1185 2736 1733 2793 publicum,degradaretur

99 2807 150 2852 ab
183 2808 327 2851 ordine
360 2821 481 2864 quem
517 2811 712 2863 suscepit,
747 2813 787 2851 et
819 2808 1000 2864 amplius
1034 2822 1112 2851 non
1150 2813 1283 2864 posset
1318 2808 1366 2850 ad
1402 2810 1639 2864 superiores
1673 2822 1732 2849 or-

98 2878 216 2922 dines
251 2881 502 2935 promoveri.
543 2877 691 2922 Verum
726 2881 922 2936 quoniam
959 2884 1173 2935 peceatum
1211 2881 1339 2934 ipsius
1385 2879 1488 2921 forte
1520 2878 1730 2921 occultum
