1981 3182
0 0 200 200 nan·
226 101 320 136 2278
506 100 589 133 Tm
619 99 728 133 VIII.
750 119 762 124 -
780 99 837 133 De
859 101 994 143 poenis
1020 98 1321 133 medicinalibus
1665 96 1732 130 159

0 216 15 253 εἴ
43 259 45 261 ,
107 220 206 266 gulas
225 230 389 265 personas
407 219 652 264 delinquentes
668 218 719 253 vel
739 217 772 252 in
789 228 880 252 com·
1002 220 1020 258 §
1048 215 1079 251 3.
1110 215 1145 251 Si
1172 215 1332 251 alterum.
1362 215 1597 250 communitas
1617 214 1732 259 prohi-

111 266 330 309 munitatem‚
358 266 404 300 uti
432 266 548 305 talem,
575 265 626 300 vel
655 265 690 299 in
720 275 882 310 personas
958 263 1057 298 betur
1070 263 1374 298 exercitioiurium
1393 262 1628 308 spiritualium
1645 272 1732 307 quae

109 314 353 359 delinquentes
379 318 411 348 et
437 312 738 348 communitatem.
959 310 1037 355 ipsi,
1067 310 1115 344 uti
1142 309 1401 349 communitati,
1430 314 1644 354 competunt.

158 365 177 403 ξ
203 361 236 395 2.
266 359 300 395 Si
330 360 495 405 primum,
515 363 698 394 serventur
714 359 817 393 huius
835 369 886 393 ar·
1006 361 1024 398 ἕ
1051 355 1083 391 4.
1106 356 1139 391 Si
1161 357 1312 397 tertium,
1331 356 1472 391 effectus
1491 356 1730 391 cumulantur.

113 407 207 443 ticuli
235 418 400 442 canones.

234 503 329 546 106.
363 504 617 559 Inscriptio
650 502 840 547 articuli
874 504 922 546 et
955 502 1261 546 coordinatio
1295 513 1549 545 canonum.
1571 499 1733 541 —lam

113 574 378 619 considerare
425 577 585 629 oportet
618 584 808 625 canones,
843 584 946 628 quos
988 572 1169 613 continet
1204 572 1292 613 Art.
1328 568 1395 611 III
1424 572 1643 625 inscriptus
1680 568 1736 611 De

114 644 385 703 suspensione
418 646 581 700 proprie
613 645 671 686 sic
703 642 827 685 dieta.
862 641 950 697 ipsa
983 643 1091 684 euim
1127 640 1251 683 afficit
1283 654 1448 696 semper
1480 640 1659 696 aliquam
1685 640 1737 682 sa-

115 715 309 760 cultatem
343 715 571 758 secuudum
608 714 719 770 leges
755 725 996 769 possessam.
1034 714 1087 754 ita
1121 716 1163 754 ut
1197 713 1285 754 61115
1310 711 1465 754 licitum
1491 712 1735 754 exercitium

117 785 380 842 impediatur,
404 785 654 842 quaudoque
680 796 778 826 vero
802 785 923 826 etiam
949 782 1095 825 effectu
1123 782 1201 825 tale
1225 783 1469 824 exercitium
1505 782 1737 825 frustretur.

125 882 170 888 —
205 855 393 899 Facultas
425 855 491 898 illa
527 859 657 911 potest
691 854 867 897 obtineri
890 853 1119 896 secundum
1155 853 1338 895 divinam
1376 852 1524 908 legem,
1552 865 1587 894 v.
1613 865 1673 907 gr.
1700 854 1737 893 iu

119 926 419 984 presbyteratu,
445 928 540 983 quia
564 927 652 968 eius
675 925 832 967 ordinis
856 928 1034 981 potestas
1057 936 1075 967 a
1102 923 1342 966 charactere
1375 921 1619 965 sacerdotali
1645 934 1740 963 nou-

118 1000 192 1041 uisi
228 999 384 1040 ratione
417 997 567 1039 differt.
602 995 708 1039 Huic
742 995 923 1038 facultati
976 1007 1048 1050 par
1091 1000 1148 1037 est
1188 1006 1476 1050 quaecumque
1509 1005 1626 1035 sacro
1662 994 1740 1034 ritu

117 1068 388 1111 ordinationis
419 1067 642 1120 obtinetur,
676 1069 748 1109 etsi
787 1068 863 1108 iuri
900 1070 1054 1108 tantum
1091 1064 1371 1108 ecclesiastico
1410 1064 1622 1106 innitatur.
1659 1062 1740 1105 Ali-

118 1138 284 1214 quando
317 1138 489 1181 facultas
521 1142 581 1180 est
615 1139 749 1193 potius
787 1136 1064 1179 subiectivum
1112 1138 1173 1178 ius
1214 1135 1443 1178 secundum
1477 1148 1530 1177 ss.
1565 1146 1743 1176 canones

119 1209 346 1259 obtentum,
380 1208 489 1266 quod
529 1207 589 1250 161
624 1208 673 1250 ad
710 1210 894 1262 regimen
936 1206 1118 1249 tidelium
1164 1206 1406 1258 destinatur,
1444 1204 1505 1247 vel
1539 1204 1588 1247 ad
1623 1205 1742 1259 spiri-

120 1279 291 1324 tualium
325 1279 748 1322 administrationem:
800 1277 899 1320 illud
951 1281 1122 1319 vocatur
1161 1276 1401 1323 iurisdictio,
1438 1274 1543 1317 istud
1578 1287 1741 1317 sacrum

122 1352 410 1394 ministerium.
447 1348 635 1392 Facultas
667 1349 848 1405 denique
894 1350 930 1389 vi
976 1360 1179 1390 canonum
1219 1346 1427 1389 obtinetur
1461 1359 1556 1401 erga
1594 1350 1746 1400 tempo-

122 1421 222 1464 ralia
258 1420 360 1464 bona
396 1420 691 1473 ecclesiastica,
725 1423 847 1476 atque
881 1417 961 1462 tale
997 1420 1058 1461 ius
1092 1406 1207 1473 plura
1234 1422 1274 1459 ut
1301 1421 1437 1472 partes
1470 1416 1545 1459 sub
1579 1429 1620 1458 se
1654 1428 1746 1458 cou-

122 1494 235 1535 tinet.
271 1491 398 1547 lgitur
429 1493 643 1546 suspensio
677 1490 842 1533 afficere
877 1493 1005 1545 potest
1042 1488 1073 1531 1ο
1107 1488 1263 1530 ordinis
1287 1491 1543 1544 potestatem,
1570 1486 1631 1528 161
1659 1489 1746 1528 iura

123 1562 350 1619 spiritualia
388 1561 502 1618 plura
541 1561 603 1603 vel
639 1562 1051 1617 pauciora‘umunve
1085 1559 1231 1604 solum,
1269 1558 1317 1600 ll⁰
1356 1558 1418 1601 vel
1457 1557 1571 1613 plura
1608 1556 1744 1598 11111115-

126 1633 234 1676 modi
261 1635 348 1676 iura
383 1645 488 1689 quae
522 1625 702 1675 officium
728 1631 1053 1674 ecclesiasticum
1078 1632 1219 1673 stricto
1243 1643 1363 1672 sensu
1394 1631 1655 1681 constituant,
1684 1626 1745 1669 vel

125 1703 194 1746 1110
230 1706 291 1747 1115
323 1716 419 1760 erga
457 1703 561 1746 bona
595 1703 837 1758 temporalia
872 1707 1075 1759 (piateuus
1110 1701 1207 1744 illud
1234 1701 1441 1743 adnexum
1467 1699 1600 1742 officio
1626 1698 1747 1741 bene-

126 1776 263 1818 licium
299 1776 523 1827 constituit,
560 1773 621 1816 vel
657 1774 835 1830 denique
872 1771 939 1814 ΙΨ
975 1777 1054 1815 13111
1092 1774 1178 1814 iura
1219 1785 1316 1827 erga
1360 1770 1589 1826 spiritualia
1624 1782 1748 1826 quam

125 1858 221 1902 erga
253 1844 509 1902 temporalia.

247 1916 465 1972 Propterea
490 1916 730 1959 delinitione
754 1916 1034 1971 suspensionis
1058 1914 1151 1956 dala
1181 1927 1252 1969 per
1275 1926 1363 1956 can.
1392 1912 1518 1961 2278,
1542 1911 1751 1954 adduntur

128 1990 165 2030 iu
201 2000 248 2030 eo
281 1991 321 2030 et
352 1986 621 2044 sequentibus
655 1999 783 2043 usque
816 1986 865 2028 ad
901 1997 990 2028 can.
1028 1985 1129 2027 2281
1173 1985 1398 2026 divisiones
1435 1983 1751 2037 suspensionum

126 2070 147 2102 a
181 2057 363 2115 generali
398 2057 690 2101 descendendo
714 2057 763 2099 ad
791 2055 1075 2113 particulares,
1098 2054 1303 2111 simulque
1337 2053 1583 2109 exponendo
1616 2054 1749 2106 singu-

128 2128 260 2173 larum
308 2129 477 2172 ettectus
514 2128 733 2184 tortitiam.
777 2128 1019 2170 l’otestatem
1055 2124 1266 2169 Ordinarii
1303 2124 1379 2167 loci
1413 2123 1546 2181 quoad
1582 2135 1751 2179 suspen-

127 2202 282 2243 sionem
320 2199 532 2253 limilatur,
567 2203 606 2242 et
638 2201 696 2242 sic
730 2198 780 2242 ab
805 2198 881 2241 hac
905 2198 1174 2253 distinguitur
1205 2197 1420 2252 suspensio
1454 2194 1558 2238 latae
1590 2198 1752 2236 senten-

129 2273 221 2315 tiae.
256 2270 465 2323 Quosdam
501 2270 602 2312 alios
635 2270 804 2313 effectus
836 2270 1093 2325 suspensioni
1119 2272 1155 2309 et
1181 2266 1271 2309 aliis
1294 2267 1480 2309 censuris
1512 2277 1754 2308 communes

129 2341 337 2398 explicant
370 2354 461 2384 can.
495 2340 623 2393 2283,
648 2340 776 2393 2284,
800 2341 898 2382 dum
923 2352 1053 2382 canon
1091 2338 1201 2380 2285
1235 2336 1397 2379 articuli
1434 2341 1664 2392 postremus
1697 2337 1755 2376 in-

131 2414 251 2455 nixus
275 2411 619 2468 praecedentibus
643 2411 824 2468 loquitur
847 2411 897 2453 de
921 2411 1202 2465 suspensione,
1227 2420 1332 2465 quae
1357 2409 1393 2449 in
1414 2408 1754 2450 communitatem

129 2495 200 2537 seu
235 2482 454 2539 collegium
490 2483 584 2525 ferri
620 2486 763 2538 potest.

251 2553 347 2595 107.
382 2554 730 2609 Suspensionis
763 2553 986 2597 definitio
1020 2554 1068 2596 et
1100 2551 1226 2595 illius
1249 2551 1431 2594 diversi
1456 2549 1678 2594 effectus.
1703 2571 1754 2576 —

135 2622 236 2668 Can.
272 2625 409 2666 2278.
443 2622 470 2680 g
506 2626 538 2665 1.
577 2621 801 2679 Suspensio
851 2624 887 2663 in
942 2624 1027 2664 iure
1076 2622 1275 2663 canonico
1323 2624 1383 2661 est
1432 2631 1607 2661 censura
1654 2617 1757 2659 idest

137 2710 158 2735 <‹
182 2707 310 2751 poena
347 2693 648 2737 medicinalis»
687 2706 768 2749 qua
802 2692 994 2741 clerica&
1032 2704 1078 2733 eo
1112 2690 1218 2751 quod
1255 2689 1295 2732 hi
1334 2705 1353 2730 «
1377 2689 1451 2732 soli
1488 2692 1654 2744 possunt
1689 2700 1757 2743 po-

134 2770 320 2808 testatem
355 2767 444 2808 sive
476 2764 633 2807 ordinis
665 2765 754 2807 sive
789 2763 1084 2806 iurisdictionis
1125 2760 1429 2804 ecclesiasticae
1464 2759 1529 2816 (ac
1563 2772 1634 2815 per
1666 2770 1759 2800 con-

133 2849 311 2894 sequeus
359 2835 638 2879 ecclesiastica
688 2833 841 2890 officia)
890 2838 927 2876 et
977 2832 1176 2875 beneticia
1225 2831 1453 2874 obtinere»
1498 2830 1605 2886 (can.
1644 2827 1756 2884 118),
