1981 3182
103 145 197 183 Gan.
222 146 427 182 aen-‘2218
508 146 590 181 TIT.
616 146 681 181 IV.
709 167 721 171 -
748 146 804 181 De
824 157 1046 191 poenarum
1072 150 1227 181 >notione
1252 150 1319 182 ete.
1688 150 1731 183 51

107 269 250 323 posito,
284 265 357 308 sed
390 268 555 323 proprie
588 265 884 308 consideratur
908 268 945 307 in
977 265 1130 309 Codice
1157 271 1355 323 lonqemm
1381 267 1429 309 ab
1454 266 1618 310 homine
1643 282 1734 324 pro-

110 339 292 381 veniens.

227 407 440 450 Distinctio
462 407 539 450 sub
564 408 605 449 n⁰
633 407 675 450 20
702 409 828 462 posita
849 395 853 398 ⁵
871 407 1039 450 tnlcitur
1073 421 1121 450 ex
1158 407 1423 450 damnatione
1449 422 1520 464 per
1546 409 1658 451 Pium
1689 408 1736 451 Vl

65 512 69 515 .
105 481 144 521 in
182 477 296 521 Bulla
337 478 604 521 «Auctorem
651 478 744 520 tidei
771 494 790 517 ›)
817 478 829 498 ²
868 477 983 532 Prop.
1021 477 1088 519 47.
1130 493 1149 517 «
1177 478 1402 533 Propositio
1446 492 1553 536 qnae
1598 480 1735 532 tradit,

105 551 383 592 necessarium
419 562 507 591 esse
542 551 654 590 iuxta
690 547 801 602 leges
836 547 1045 590 naturales
1089 552 1125 590 et
1170 547 1348 593 divinas,
1386 553 1427 590 nt
1459 552 1548 591 sive
1582 550 1631 592 ad
1667 563 1735 592 ex-

104 622 523 663 communicationem
558 620 647 661 sive
679 618 729 661 ad
764 621 1077 673 suspensionem
1104 618 1355 674 praecedere
1380 618 1527 662 debeat
1561 633 1735 662 examen

105 690 342 745 personale:
377 695 500 746 atque
532 690 637 732 adeo
680 691 905 731 sententias
939 690 1070 731 dictas
1106 689 1194 745 ipso
1227 688 1342 745 facto
1377 703 1454 731 non
1490 690 1611 732 aliam
1650 693 1733 732 vim

105 760 271 810 habere,
307 763 381 803 nisi
414 763 547 803 seriae
570 762 905 803 comminationis
928 761 1015 801 sine
1050 759 1131 802 ullo
1166 759 1316 802 actuali
1343 760 1515 804 etlectu:
1540 786 1597 790 ——
1621 760 1735 805 salsa.

103 834 338 881 temeraria,
375 833 620 887 perniciosa,
654 830 864 873 Ecclesiae
901 832 1089 886 potestati
1127 832 1337 875 iniuriosa.
1379 844 1615 873 erronea».

226 901 516 944 Verumtamen
545 901 746 957 benignae
773 903 887 956 praxi
915 900 1125 943 Ecclesiae
1150 901 1269 943 decet
1295 900 1393 943 illud
1420 914 1593 944 examen
1622 914 1736 957 prae-

105 966 281 1025 mittere,
330 977 400 1015 ant
447 972 741 1015 comminando
787 972 1030 1027 praepedire
1074 971 1239 1014 delicta.
1276 973 1378 1014 Hinc
1412 971 1604 1015 subditur
1635 972 1663 1029 ἓ
1694 975 1736 1014 2.

103 1043 250 1087 Poena
283 1043 489 1100 ‹piaelibet
522 1043 818 1088 ecclesiastiea.
854 1045 943 1085 sive
977 1056 996 1085 a
1035 1045 1122 1085 iure
1156 1045 1245 1085 sire
1279 1042 1330 1085 ab
1365 1042 1545 1095 homine,
1581 1042 1735 1085 inlelli-

101 1114 220 1171 91'1117·
245 1127 408 1171 semper
441 1116 552 1156 iuxta
590 1119 766 1155 mentem
803 1114 970 1155 serentis
1006 1113 1114 1155 illam
1161 1118 1198 1156 et
1245 1126 1367 1169 quam
1410 1113 1546 1155 Codex
1583 1114 1736 1169 pandit.

104 1199 192 1229 esse
224 1184 427 1242 serendae
458 1185 707 1228 sententiae.
743 1198 813 1227 sen
854 1198 915 1226 «a
955 1185 1088 1227 native
1118 1184 1178 1226 vel
1205 1186 1425 1240 Superiore
1451 1200 1469 1224 ))
1509 1183 1645 1227 adhuc
1680 1187 1737 1227 in-

105 1257 282 1313 fligenda
320 1262 406 1312 post
442 1258 811 1312 transgressionem
854 1256 955 1311 legis
999 1260 1067 1297 aut
1113 1258 1337 1311 praerepti,
1373 1258 1447 1298 nisi
1485 1258 1522 1298 in
1560 1255 1635 1299 boc
1674 1255 1736 1298 vel

105 1328 171 1371 illa
205 1341 401 1385 expresse
432 1327 601 1370 (licolezr
633 1341 721 1369 eam
758 1339 930 1383 poenam
967 1340 1054 1367 esse
1089 1329 1270 1369 taxatixe
1308 1326 1367 1368 liis
1400 1326 1537 1369 xer-bis
1561 1327 1599 1381 a)
1622 1326 1737 1369 lotae

105 1399 339 1441 sententiae
373 1398 447 1451 vel,
485 1398 593 1454 quod
631 1401 668 1440 in
705 1398 811 1440 idem
849 1400 1007 1451 recidit,
1045 1397 1084 1453 b)
1120 1397 1210 1455 ipso
1252 1399 1590 1453 transgressionis
1622 1396 1736 1455 [siclo

106 1483 178 1511 seu
211 1473 246 1522 c)
280 1469 370 1526 ipso
404 1469 508 1520 inre,
545 1470 670 1512 idest:
723 1469 846 1511 nulla»
885 1471 1189 1511 interveniente
1235 1471 1449 1524 posteriori
1497 1469 1739 1520 inflictione,

107 1539 326 1590 eontrolli';
357 1545 536 1583 attamen
560 1540 709 1583 suflicit
747 1540 852 1582 idem
889 1540 1008 1582 aliter
1032 1542 1224 1595 exprimi,
1248 1554 1295 1582 eo
1319 1540 1427 1596 ‹piod
1454 1539 1735 1583 subinfertur:

106 1611 169 1653 vel
201 1612 245 1667 d)
279 1611 363 1653 nisi
395 1611 483 1653 alia
518 1611 678 1653 siniilia
702 1611 836 1667 quoad
862 1624 1029 1653 sensum
1067 1610 1185 1653 rerba
1220 1609 1506 1653 adhibeantur
1532 1625 1603 1666 per
1631 1624 1738 1668 quae

106 1681 284 1737 idipsum
323 1682 487 1738 liqueat.

225 1752 291 1796 35.
329 1754 400 1798 De
433 1755 606 1809 poenis
640 1756 964 1799 decernendis
998 1755 1049 1795 ita
1084 1752 1291 1796 seribebat
1318 1753 1436 1797 Alex.
1459 1752 1505 1795 lll
1532 1750 1737 1796 Oxonien.

103 1823 329 1880 Episcopo:
365 1822 380 1845 ²
403 1839 423 1864 «
447 1826 552 1867 Sane
585 1838 679 1867 cum
718 1826 780 1866 vir
803 1824 1007 1867 discretus
1031 1826 1207 1873 existas;
1235 1824 1395 1879 plenius
1421 1827 1537 1870 nosti,
1563 1824 1672 1881 qnod
1699 1827 1737 1866 in

103 1894 343 1937 excessibus
374 1895 648 1951 singulorum,
684 1909 760 1937 non
797 1895 928 1938 solum
965 1896 1175 1951 quantitas
1209 1900 1245 1937 et
1282 1895 1457 1951 qualitas
1491 1895 1735 1943 delicti,sed

103 1970 228 2019 aetas,
261 1968 430 2008 scientia
456 1971 493 2009 et
517 1980 654 2021 sexus,
679 1971 802 2023 atque
836 1967 1018 2009 conditio
1043 1966 1323 2023 delinquentis
1347 1972 1439 2008 sunt
1466 1967 1736 2017 attenden‹la;

103 2041 142 2079 et
167 2050 243 2078 non
268 2036 400 2079 solum
425 2037 654 2080 secundum
691 2037 825 2079 locum
861 2042 897 2080 et
935 2043 1096 2092 tempus
1120 2050 1201 2094 quo
1226 2037 1422 2080 delictum
1449 2040 1736 2090 committitur,

103 2109 326 2164 unicuique
363 2110 608 2163 poenitentia
644 2108 765 2151 debet
801 2109 949 2151 indiri:
986 2122 1079 2151 rum
1128 2108 1234 2150 idem
1281 2121 1489 2161 excessuS,
1525 2110 1655 2164 magis
1687 2110 1736 2150 sit

105 2180 141 2221 in
178 2191 258 2221 uno
291 2192 414 2236 qnam
452 2182 488 2221 in
524 2179 603 2221 alio
631 2180 864 2236 puniendus
888 2195 926 2219 ».
955 2178 1150 2222 Eamdem
1179 2179 1380 2235 regulam,
1404 2179 1473 2222 sed
1501 2181 1737 2221 accuratius

103 2250 228 2292 tradit
260 2263 351 2293 con.
386 2252 569 2304 2218ἓ
604 2253 636 2294 1.
675 2249 717 2292 ln
751 2250 898 2307 poenis
931 2253 1020 2293 sive
1065 2249 1396 2299 medicinalibus,
1430 2253 1520 2292 sive
1558 2250 1739 2292 xindica-

103 2322 212 2372 tivis,
231 2322 321 2363 sive
343 2323 603 2375 poenitentiis
636 2334 800 2377 quoqne
824 2321 873 2363 ad
899 2320 1084 2377 singulos
1114 2325 1442 2376 transgressores
1476 2320 1736 2362 mulctandos

101 2388 374 2433 decernendis
409 2405 480 2447 per
512 2396 757 2434 sententiam
803 2397 871 2434 aut
915 2392 964 2434 ad
1013 2391 1178 2434 modum
1217 2393 1424 2446 praecepti
1460 2390 1735 2446 particularis,

101 2463 309 2518 quamvis,
335 2466 377 2504 ut
401 2475 542 2505 norma
568 2462 786 2515 directiva,
809 2465 931 2518 possit
957 2475 1087 2505 canon
1124 2462 1338 2504 desei-vire
1374 2463 1410 2503 in
1446 2461 1625 2503 ferendis
1651 2473 1737 2516 par-

101 2531 345 2575 ticularibus
379 2532 551 2588 legibus,
586 2538 776 2575 serretur
810 2533 1097 2590 (praeceptive
1136 2531 1313 2588 dictum)
1349 2545 1482 2588 aequa
1515 2531 1736 2589 proportio

103 2602 212 2646 illius
243 2603 466 2658 singularis
492 2616 647 2659 poenae
666 2617 755 2645 eum
780 2603 933 2647 delicto
967 2604 1015 2646 ad
1054 2615 1240 2645 normam
1276 2605 1400 2645 totius
1424 2614 1515 2645 can.
1541 2602 1652 2644 2195
1677 2605 1736 2644 tu-

102 2678 194 2717 turo
231 2674 292 2716 vel
331 2676 565 2729 praeterito,
601 2672 745 2716 habita
780 2674 946 2716 ratione
979 2674 1279 2717 elementorum
1317 2675 1459 2728 ipsius,
1485 2685 1632 2727 nempe
1667 2671 1737 2714 im-

98 2744 402 2802 putabilitalis,
436 2759 558 2802 quam
585 2745 815 2788 declaravit
839 2744 1044 2801 complete
1069 2744 1278 2800 legislator
1300 2743 1376 2787 snb
1400 2743 1533 2786 Titulo
1554 2742 1599 2795 11,
1621 2756 1736 2785 sean-

119 2899 150 2931 V
193 2854 236 2933 lg
259 2852 316 2933 2}
332 2852 433 2897 Aug.
467 2851 570 2886 1794.
596 2872 633 2875 —
655 2851 668 2873 ²
689 2851 780 2895 Cap.
810 2851 831 2884 6
856 2866 869 2880 ι
890 2850 935 2884 de
962 2850 1178 2884 homicidio
1205 2849 1433 2883 voluntario
1460 2849 1522 2883 vel
1550 2848 1730 2882 casuali»

104 2902 113 2942 (
158 2927 164 2939 ·
240 2902 251 2943 )
323 2926 329 2932 -
