1981 3182
229 114 296 148 190
693 114 777 148 LIB.
805 113 848 148 V.
875 133 887 138 -
916 113 1025 147 PARS
1051 113 1102 147 ΙΙ.
1132 133 1143 138 -
1169 113 1226 147 De
1251 115 1384 157 poenis
1527 112 1620 148 Can.
1647 112 1859 148 ‘laos-‘2309
1964 0 1981 165 Ι

350 233 443 277 142.
480 234 689 285 Quando
723 237 771 279 et
803 235 1015 290 qualiter
1057 235 1120 278 sit
1152 234 1289 278 locus
1333 234 1646 289 correptioni.
1681 232 1854 288 Semper

227 315 273 346 ac
307 303 504 345 damnum
542 305 726 346 imminet
761 302 932 346 cuilibet
965 303 1016 346 ob
1050 303 1190 346 delicti
1216 302 1445 358 periculum
1482 302 1648 345 videtur
1681 304 1855 345 rationa-

226 373 361 417 biliter
385 386 473 417 esse
496 374 706 416 sufficiens
731 376 914 427 monitio,
948 386 1028 431 qua
1054 373 1151 415 illud
1179 373 1435 426 consideret;
1460 373 1529 416 sed
1555 373 1720 430 quando
1744 373 1858 416 dam-

226 457 321 486 num
359 446 396 486 iu
432 446 628 487 societate
665 446 830 500 incepit,
857 450 1039 487 meretur
1079 456 1254 487 causans
1287 442 1401 497 illum
1438 448 1477 486 ul
1502 445 1703 486 sustineat
1735 443 1854 500 quid-

227 527 349 571 quam
384 527 528 570 grave,
563 519 733 570 propter
765 515 873 572 quod
910 517 968 558 sic
1005 514 1196 571 providet
1228 528 1318 557 eun.
1351 515 1491 558 2308.
1528 513 1577 556 Si
1600 528 1650 556 es
1673 513 1855 556 ali'em'us

226 585 553 639 conversatione,
588 587 782 642 ‹piamvis
809 588 915 629 absit
938 586 1151 630 delictum.
1186 584 1225 640 a)
1265 584 1528 638 scandalum,
1567 598 1736 641 nempe:
1761 585 1857 627 alio-

229 670 317 699 rum
354 661 567 712 peccatum
588 670 732 712 grave,
766 656 829 699 rel
863 656 904 713 b)
937 656 1093 712 orares,
1119 669 1239 698 secus
1271 657 1302 698 si
1340 655 1442 697 lex-is
1464 658 1512 698 sit
1537 655 1702 698 ordinis
1727 658 1763 698 in
1789 669 1857 699 ca·

228 727 369 783 pitulo,
397 729 602 782 paroecia,
623 727 825 770 dioecesis
841 726 1106 784 perturbatio
1129 726 1340 781 oriuntur,
1366 731 1426 768 est
1450 725 1564 768 loeus
1585 727 1855 784 correptioni,

227 797 353 840 idest:
389 802 520 853 potest
554 797 654 841 baec
690 799 793 851 lieri,
827 810 874 841 ac
907 797 1031 841 debet
1064 799 1176 840 iuxta
1212 797 1455 852 prudentiae
1490 796 1612 852 leges,
1647 796 1697 840 ab
1735 795 1856 839 Ordi-

228 868 350 910 nurio
373 871 502 925 a)per
534 882 577 910 se
611 867 653 924 b)
675 868 735 911 vel
764 882 841 925 per
874 868 1169 925 interpositam
1191 881 1427 924 personam,
1454 872 1494 910 ut
1530 869 1568 910 in
1604 880 1691 911 can.
1719 881 1854 923 praec.

227 938 483 982 declaratum
518 940 605 987 fuit,
639 940 709 982 sed
755 939 821 982 bic
865 939 1055 982 additur:
1091 939 1217 981 etiam
1250 952 1327 995 per
1364 937 1583 995 epistolum
1618 937 1855 996 faciendae,

225 1011 320 1066 quia
340 1012 458 1067 quies
480 1012 605 1052 animi
631 1015 670 1052 et
694 1010 936 1066 ponderatio
963 1012 1231 1066 requiruntur
1249 1023 1297 1052 ex
1323 1009 1460 1052 verbis
1478 1022 1584 1066 quae
1602 1014 1854 1065 sequuntur:

222 1080 512 1138 peculiaribus
546 1080 841 1123 (zeeornodutm’
874 1081 1008 1138 quoad
1049 1080 1186 1133 verba,
1225 1081 1408 1134 moduni,
1437 1086 1512 1125 etc.
1549 1079 1858 1123 conditionibus

228 1150 268 1208 a)
284 1165 492 1209 personae
512 1152 646 1194 forsan
674 1151 790 1194 titulo
814 1151 952 1208 aliquo
977 1151 1282 1204 colionestatae,
1305 1151 1426 1194 simul
1451 1158 1489 1194 el
1522 1151 1564 1207 b)
1583 1152 1690 1208 sueti
1712 1151 1762 1194 (Ie
1779 1167 1863 1210 quo·

227 1221 570 1278 reprehendendo
605 1222 763 1279 (igilur.

345 1292 592 1348 Exemplum
629 1296 869 1350 praescripti
905 1293 1026 1337 liuius
1059 1298 1183 1350 atque
1222 1305 1312 1336 can.
1357 1299 1510 1348 pi‘aec.⁸
1545 1296 1780 1337 invenimus
1815 1297 1852 1337 in

227 1377 315 1419 cap.
353 1363 375 1405 ἱ)
416 1363 505 1406 «de
542 1366 787 1419 purgatione
835 1367 1074 1407 canonica»
1114 1362 1178 1419 gv,
1214 1362 1255 1419 Ξ)
1289 1363 1339 1417 X,
1375 1362 1443 1406 ubi
1477 1365 1677 1419 scriptum
1713 1369 1771 1407 est
1805 1377 1855 1407 ex

227 1433 349 1478 Conc.
385 1434 635 1490 Agatliensi:
677 1434 753 1477 «si
789 1437 881 1491 quis
917 1434 1133 1491 presbyter
1173 1434 1541 1489 11eglige11s·vitae
1574 1447 1688 1485 suae,
1718 1437 1863 1490 pravis

227 1505 570 1561 exemplismala
604 1506 655 1548 de
687 1519 730 1548 se
763 1508 963 1562 suspicari
992 1508 1225 1562 permiserit
1259 1505 1325 1562 (en
1362 1508 1463 1548 ratio
1497 1511 1604 1549 can.⁸
1637 1505 1791 1561 amm:
1819 1510 1858 1548 et

228 1576 403 1633 populus
437 1575 488 1619 ab
521 1575 724 1632 Episcopo
760 1579 991 1619 iuramento
1024 1590 1095 1619 seu
1131 1575 1265 1620 banno
1293 1575 1604 1619 christianitatis
1637 1577 1863 1619 adstrictus

227 1648 437 1690 infamiam
476 1649 564 1690 eius
600 1648 854 1703 patefecerit,
888 1649 1074 1704 certique
1117 1651 1381 1690 accusatores
1423 1649 1609 1689 criminis
1657 1650 1745 1690 eius
1789 1647 1858 1689 de-

226 1719 377 1761 fuerint
398 1735 405 1760 z
430 1718 706 1761 admoneatur
732 1720 863 1774 primo
887 1732 1071 1761 seorsum
1097 1718 1148 1761 ab
1172 1717 1398 1773 Episcopo:
1423 1718 1574 1761 deinde
1597 1717 1674 1761 sub
1697 1717 1862 1761 (luobus

231 1788 293 1831 vel
329 1787 461 1831 tribus
498 1788 682 1837 testibus,
717 1794 753 1831 et
788 1791 818 1831 si
856 1802 933 1831 non
970 1789 1270 1843 emendaverit,
1307 1790 1525 1844 episcopus
1558 1802 1650 1831 eum
1695 1788 1857 1844 publica

228 1862 509 1915 increpatione
543 1860 820 1905 admoneat»,
857 1860 905 1903 Et
939 1861 1042 1903 inl'ra
1075 1859 1289 1904 subditur:
1329 1876 1350 1900 (ι
1375 1874 1423 1903 ne
1460 1860 1634 1916 populus
1673 1860 1857 1903 fidelium

228 1932 265 1972 in
301 1944 348 1973 eo
382 1930 624 1973 scandalum
663 1933 899 1987 patiatur».
934 1931 1050 1985 Quae
1084 1932 1157 1973 tuit
1191 1943 1313 1973 causa
1348 1943 1437 1974 can.
1475 1931 1600 1975 2308.

352 2001 444 2045 143.
483 2003 669 2048 Divisio
714 2005 969 2059 utriusque
1012 2004 1214 2048 remedii
1254 2017 1313 2049 ac
1355 2005 1529 2048 modus
1571 2005 1862 2048 servandae.

227 2072 446 2115 Instructio
479 2076 603 2116 citata
640 2074 813 2129 provide
847 2074 1141 2116 animadvertit
1176 2072 1252 2116 sub
1287 2086 1324 2115 n.
1365 2090 1382 2112 «
1411 2073 1471 2115 lll.
1502 2072 1787 2116 Conscientiae
1820 2077 1861 2116 et

231 2143 475 2199 prudentiae
509 2140 720 2186 Ordinarii
757 2143 901 2186 liorum
939 2144 1216 2187 remediorum
1254 2144 1454 2187 incumbit
1487 2144 1721 2200 applicatio,
1747 2146 1859 2187 iuxta

228 2226 431 2256 canonum
470 2216 818 2270 praescriptiones
852 2219 890 2257 et
923 2228 1091 2257 casuum
1138 2214 1514 2271 adiunctorinnque
1551 2217 1857 2270 gravitatem».

228 2282 347 2336 Quod
384 2286 506 2326 etiam
553 2298 661 2327 nunc
710 2298 852 2328 verum
889 2290 962 2328 est.
990 2284 1159 2341 lnsuper
1194 2285 1344 2341 legitur
1378 2287 1415 2327 in
1452 2299 1488 2330 n.
1530 2301 1549 2325 α
1573 2284 1614 2327 V.
1650 2285 1733 2328 Has
1768 2299 1858 2340 pro-

230 2356 409 2397 visiones
444 2356 695 2410 praecedere
730 2355 852 2399 debet
887 2358 1114 2399 summaria
1149 2357 1241 2399 tacti
1277 2359 1472 2412 cognitio,
1507 2368 1612 2413 quae
1651 2355 1702 2399 ab
1735 2353 1858 2400 Ordi-

229 2427 343 2467 nario
378 2426 557 2468 notanda
591 2431 664 2481 est,
686 2432 729 2468 ul
763 2426 818 2469 ud
853 2426 1060 2469 ulteriora
1084 2427 1326 2483 procedere,
1361 2432 1564 2484 quatenus
1597 2440 1699 2483 opus
1731 2429 1795 2473 sit,
1820 2431 1861 2469 et

228 2498 446 2538 certiorem
485 2496 659 2539 reddere
694 2502 818 2553 queat
850 2500 1107 2553 superiorem
1141 2497 1441 2540 Auctoritatem
1478 2499 1514 2540 iu
1550 2510 1646 2540 casu
1687 2497 1859 2553 legitimi

230 2579 479 2609 recursus».
504 2566 591 2610 Hoc
616 2572 813 2624 tanquam
839 2581 981 2611 norma
1007 2568 1210 2611 dirce-tiva
1246 2568 1356 2611 utilis
1379 2574 1630 2611 servaretur.
1657 2584 1677 2608 α
1700 2567 1760 2610 vl.
1785 2567 1857 2611 Ca-

230 2639 401 2680 nonicae
427 2640 672 2681 monitiones
702 2640 803 2681 liunt
826 2641 915 2681 sive
950 2641 987 2681 in
1015 2640 1145 2682 forma
1181 2644 1349 2695 paterna
1374 2644 1410 2681 et
1444 2644 1618 2692 secreta,
1640 2641 1761 2682 etiam
1789 2652 1861 2694 per

228 2708 442 2763 epistolam
477 2713 543 2751 aut
582 2722 652 2764 per
688 2712 969 2766 interpositam
1007 2724 1239 2766 personam,
1273 2713 1361 2753 sive
1397 2713 1433 2753 in
1470 2711 1598 2752 t'orma
1634 2709 1771 2766 legali,
1805 2712 1857 2752 ita

230 2783 366 2821 tamen
403 2783 445 2821 ut
479 2779 528 2821 de
562 2781 805 2823 carumdem
840 2783 1085 2823 executione
1119 2786 1278 2824 constet
1309 2795 1356 2824 ex
1393 2781 1530 2838 aliquo
1564 2785 1715 2823 actu».

347 2849 411 2893 Ab
436 2849 511 2892 lioc
537 2863 708 2893 numero
733 2853 875 2907 incipit
899 2865 987 2893 eun.
1012 2853 1152 2896 9305).
1178 2854 1255 2905 §L
1289 2851 1382 2894 Tum,
1404 2851 1575 2894 monitio
1595 2852 1702 2907 (can.
1726 2850 1856 2907 2:307)
