1981 3182
154 149 197 181 12
617 148 703 182 Lm.
733 148 778 182 V.
808 167 820 173 -
848 148 958 182 PARS
987 148 1017 182 Ι.
1046 168 1058 173 -
1085 148 1142 183 De
1167 148 1318 183 delictis

151 266 317 311 claratis
347 267 495 324 puniri
526 272 661 323 polest
697 272 1000 323 consequenter
1032 267 1081 310 ad
1117 266 1220 310 duas
1253 269 1423 310 canonis
1452 269 1611 322 priores
1634 271 1782 323 partes.

151 338 370 393 Quomodo
403 342 541 380 autem
575 340 615 380 in
650 337 713 380 his
745 337 910 381 casibus
943 350 986 380 se
1019 350 1166 394 gerere
1199 336 1349 380 debeat
1388 337 1601 381 «iudex»
1641 340 1679 380 in
1714 337 1785 381 Ec-

150 411 289 461 clesia,
324 408 579 464 praescribet
611 421 742 452 canon
778 408 907 454 2223
943 410 967 459 ξ
1002 408 1041 464 3,
1077 408 1134 463 20,
1171 408 1227 451 30.

268 479 406 537 Canon
442 481 516 522 iste
548 482 741 535 supponit
785 479 899 522 salva
946 481 1148 535 principia
1184 481 1285 522 iuris
1320 479 1473 535 publici
1513 479 1783 524 ecclesiastici

151 549 284 607 quoad
323 549 542 592 relationes
577 548 787 592 Ecclesiae
821 562 919 605 erga
953 551 1171 592 societates
1204 553 1290 591 tum
1315 548 1558 600 catholicas,
1582 554 1666 592 tum
1691 561 1781 593 aca-

151 620 336 671 tliolicas,
370 620 440 662 sed
474 633 580 676 quae
616 621 936 662 conventionem
983 618 1135 663 babent
1180 633 1273 663 eum
1315 620 1420 663 Sede
1454 619 1690 676 Apostoliea
1728 623 1785 662 vi-

150 695 332 747 gentem,
370 696 454 733 tum
492 690 684 747 reliquas.
720 690 806 733 lmo
831 692 868 732 in
896 692 1013 746 praxi
1037 695 1131 733 suut
1156 703 1253 747 prae
1285 690 1416 733 oculis
1449 690 1665 734 habendae
1698 695 1782 733 tum

151 762 364 805 doctrinae
387 761 438 805 ab
462 761 717 805 Auctoribus
741 761 850 805 illius
875 763 976 804 iuris
998 762 1187 813 traditae,
1213 766 1298 804 tum
1327 761 1437 818 leges
1469 762 1616 805 civiles
1650 763 1784 805 unius-

149 835 351 891 cuiusque
384 835 608 887 societatis,
643 845 749 890 quae
793 832 843 875 ad
889 845 978 875 rem
1017 833 1182 888 faciant,
1216 837 1302 876 tum
1337 845 1383 876 ea
1417 846 1524 891 quae
1563 832 1782 889 prudentia

152 917 223 959 pro
255 916 426 947 casuum
461 903 704 946 diversitate
738 903 881 946 dictat.
1533 897 1538 901 “

811 1093 1046 1131 Tl'l'ULUS
1080 1094 1129 1130 ΙΙ.

210 1189 274 1231 De
308 1188 681 1242 imputabilitate
714 1187 893 1241 delicti,
919 1187 976 1230 de
1009 1188 1163 1231 causis
1197 1187 1328 1230 illam
1359 1187 1726 1240 aggravantibus

298 1258 373 1301 vel
406 1258 733 1301 minuentibus
763 1261 813 1300 et
845 1259 902 1300 de
935 1257 1151 1301 iuridicis
1183 1258 1344 1301 delicti
1382 1256 1643 1301 effectibus.

198 1387 282 1424 CAN.
302 1386 706 1433 attia-imputabilitas
721 1387 836 1422 delicti
855 1398 935 1432 pen-

150 1437 206 1472 det
228 1447 267 1470 ex
295 1435 371 1470 dolo
390 1435 630 1480 delinquentis
650 1434 699 1469 vel
719 1446 759 1469 ex
777 1434 933 1469 eiusdem

150 1484 250 1528 culpa
279 1483 313 1517 in
352 1482 551 1527 ignorantia
580 1482 662 1526 legis
698 1482 845 1516 violatae
875 1486 934 1516 aut

152 1531 188 1565 in
215 1530 403 1565 omissione
421 1530 557 1564 debitae
578 1529 803 1574 diligentiae3
829 1539 937 1574 quare

151 1589 273 1613 omnes
299 1588 424 1612 causae
450 1588 539 1622 quae
574 1582 717 1621 augent,
751 1577 932 1616 minuunt,

150 1626 278 1660 tollunt
304 1625 421 1660 dolum
448 1630 509 1659 aut
536 1626 689 1669 culpam.
720 1635 759 1659 eo
785 1624 859 1669 ipso
877 1635 936 1658 au-

149 1678 245 1715 gent,
276 1673 454 1712 minuunt,
481 1672 607 1707 tollunt
635 1672 750 1707 delicti
784 1671 933 1717 imputa-

152 1721 335 1755 bilitatem.

198 1766 281 1803 Cis.
304 1765 408 1801 2200.
437 1789 453 1792 -
483 1772 502 1810 ξ
534 1767 562 1801 1.
594 1766 699 1801 Dolus
718 1766 792 1801 heic
811 1769 861 1801 est
879 1767 934 1802 de-

151 1815 295 1849 liberata
323 1815 483 1849 voluntas
515 1814 666 1849 violandi
688 1814 811 1857 legem⁷
833 1814 933 1860 eique

151 1863 338 1908 opponitur
364 1873 403 1896 ex
432 1867 527 1908 parte
555 1861 752 1896 intellectus
778 1861 933 1896 defectus

149 1909 359 1952 cognitionis
385 1914 417 1944 et
443 1921 482 1945 ex
504 1914 599 1955 parte
625 1909 814 1944 voluntatis
840 1909 931 1945 defe-

150 1962 225 1992 ctus
252 1957 434 1992 libertatis.

197 2008 215 2050 ξ
242 2004 274 2038 2.
307 2004 419 2039 Posita
445 2008 587 2039 externa
619 2002 703 2048 legis
731 2003 929 2044 iiolatione,

150 2052 249 2087 dolus
276 2052 310 2085 in
341 2052 413 2086 foro
440 2057 581 2086 externo
610 2051 857 2096 praesumitur,
875 2052 932 2086 do-

152 2110 214 2134 nec
240 2099 454 2134 contrarium
485 2099 659 2144 probetur

197 2145 282 2181 Cis.
314 2146 417 2180 22⁰1.
449 2167 465 2170 -
495 2150 514 2187 ἓ
537 2147 566 2180 l.
588 2144 709 2180 Delicti
739 2150 822 2180 sunt
840 2156 932 2180 inta-

151 2204 251 2239 paces
278 2194 335 2239 qui
364 2198 441 2228 actu
468 2198 586 2228 carent
615 2204 679 2227 usu
707 2193 865 2227 rationis.

197 2244 216 2286 g*
243 2241 275 2275 2.
297 2240 529 2275 Habitualiter
542 2245 712 2277 amentes.
733 2240 811 2275 licet
825 2252 931 2286 quan-

150 2288 264 2333 doque
291 2288 406 2323 lucida
433 2288 615 2323 intervalla
635 2288 799 2328 habeant,
827 2288 877 2323 vel
895 2288 929 2321 in

150 2336 252 2370 certis
279 2335 489 2381 quibusdam
521 2335 849 2370 ratiocinationibus
880 2335 930 2370 vel

149 2383 284 2417 actibus
317 2385 391 2417 sani
428 2382 624 2426 videantur,
662 2382 776 2417 delicti
812 2387 930 2417 tamen

152 2430 333 2475 incapaces
361 2410 643 2482 praestimtintui.

197 2481 215 2519 ξ
243 2476 274 2511 3.
307 2477 502 2512 Delictum
496 2488 530 2511 in
550 2477 715 2512 ebrietate
735 2471 932 2511 voluntaria

149 2525 375 2559 commissum
402 2525 519 2570 aliqua
553 2524 824 2570 imputabilitate
859 2530 927 2554 UOD

151 2577 259 2610 iacat
287 2573 343 2607 sed
365 2583 403 2607 ea
419 2583 533 2606 minor
548 2577 597 2606 est
614 2583 718 2617 quam
738 2583 817 2606 cum
838 2571 929 2604 idem

149 2619 314 2654 delictum
331 2619 561 2653 committitur
575 2620 618 2653 ab
633 2630 670 2654 eo
686 2620 742 2664 qui
760 2619 813 2653 sui
831 2618 931 2664 plene

149 2677 291 2711 compos
317 2666 370 2706 sit,
400 2667 464 2700 nisi
494 2671 610 2701 tamen
646 2666 795 2701 ebrietas
825 2674 929 2711 appo-

150 2713 214 2749 site
239 2714 281 2748 ad
309 2714 473 2748 delictum
513 2714 722 2757 patrandum
751 2714 801 2748 vel
830 2724 928 2747 excu-

150 2761 298 2796 sandum
319 2761 475 2805 quaesita
493 2761 558 2801 sit3
578 2761 703 2795 violata
722 2765 836 2795 autem
859 2761 931 2804 lege

151 2808 186 2842 in
205 2808 370 2843 ebrietate
398 2808 644 2850 involuntaria,
677 2808 930 2853 imputabilitas

150 2856 281 2890 exsulat
308 2855 464 2895 omnino,
491 2855 517 2889 si
538 2855 686 2890 ebrietas
707 2866 806 2889 usum
828 2856 928 2889 ratio-

151 2903 206 2937 nis
240 2903 372 2938 adimat
407 2913 445 2937 ex
485 2907 576 2944 toto;
612 2902 794 2943 minuitur,
829 2903 854 2936 si
891 2913 930 2936 ex

1009 1390 1104 1431 parte
1131 1390 1281 1421 tantum.
1312 1386 1402 1421 ldem
1431 1386 1567 1421 dicatur
1593 1387 1635 1422 de
1652 1386 1730 1421 aliis
1748 1399 1762 1421 s

1008 1433 1151 1468 milibus
1178 1433 1306 1468 mentis
1334 1434 1663 1479 perturbationibus.

1055 1484 1074 1522 ξ
1100 1479 1131 1515 4.
1164 1480 1330 1516 Debilitas
1358 1482 1484 1516 mentis
1502 1481 1617 1516 delicti
1637 1481 1785 1527 imputa-

1008 1527 1176 1563 bilitatem
1206 1529 1346 1564 minuit.
1364 1529 1420 1563 sed
1437 1540 1507 1564 non
1523 1529 1613 1563 tollit
1630 1529 1787 1564 omnino.

1055 1573 1138 1610 CAN.
1161 1575 1267 1610 2202.
1292 1595 1307 1601 -
1329 1579 1348 1617 ἓ
1372 1577 1398 1609 1.
1420 1575 1567 1611 Violatio
1588 1576 1671 1621 legis
1689 1576 1786 1621 igno-

1006 1633 1100 1657 ratae
1117 1623 1317 1658 nullatenus
1333 1624 1537 1669 imputatur,
1548 1624 1574 1658 si
1589 1623 1786 1669 ignorantia

1007 1670 1109 1705 fuerit
1137 1670 1386 1716 inculpabilis;
1415 1683 1514 1706 secus
1534 1671 1786 1716 imputabilitas

1006 1717 1178 1752 minuitur
1205 1718 1283 1763 plus
1312 1718 1471 1754 minusve
1491 1730 1550 1764 pro
1569 1719 1787 1763 ignorantiae

1007 1765 1116 1810 ipsius
1142 1765 1392 1810 culpabilitate.

1053 1816 1071 1854 ἓ
1098 1812 1131 1846 2.
1162 1812 1362 1857 lgnorantia
1385 1812 1492 1847 solius
1521 1824 1650 1858 poenae
1676 1813 1787 1858 impu-

1005 1859 1213 1895 tabilitatem
1241 1859 1356 1895 delicti
1394 1872 1463 1894 non
1498 1860 1599 1897 tollit,
1638 1861 1697 1896 sed
1723 1860 1784 1895 ali-

1005 1912 1177 1952 quantum
1214 1907 1356 1942 minuit.

1052 1958 1071 1996 ἓ
1098 1953 1130 1989 3.
1161 1953 1259 1998 Quae
1284 1955 1325 1990 de
1345 1955 1542 1999 ignorantia
1569 1959 1784 1996 statuuntur,

1006 2002 1119 2037 valent
1146 2013 1281 2048 quoque
1315 2002 1356 2037 de
1392 2002 1644 2038 inadvertentia
1676 2007 1708 2038 et
1733 2013 1785 2038 er-

1006 2060 1092 2084 rore.

1051 2095 1137 2132 CAN.
1167 2096 1271 2130 2203.
1302 2118 1318 2121 -
1347 2101 1366 2138 ξ
1391 2096 1418 2131 l.
1442 2096 1475 2132 Si
1493 2098 1570 2143 quis
1586 2097 1694 2141 legem
1715 2096 1784 2132 vio—

1005 2144 1125 2178 laverit
1143 2154 1180 2179 ex
1202 2144 1389 2179 omissione
1414 2144 1551 2180 debitae
1568 2144 1780 2188 diligentiae,

1004 2191 1259 2237 imputabilitas
1286 2191 1458 2226 minuitur
1478 2203 1538 2237 pro
1556 2192 1657 2226 modo
1675 2203 1694 2227 a
1710 2203 1786 2237 pru—

1003 2238 1099 2273 denti
1115 2239 1227 2274 iudice
1246 2250 1284 2273 ex
1303 2239 1479 2274 adiunctis
1493 2239 1760 2274 determinando
1776 2251 1783 2280 ;

1004 2287 1094 2331 quod
1122 2286 1148 2320 si
1177 2297 1249 2321 rem
1287 2286 1508 2332 praeviderit,
1545 2291 1577 2322 et
1605 2285 1782 2321 nibilomi-

1005 2344 1072 2368 nus
1097 2334 1276 2368 cautiones
1302 2334 1344 2368 ad
1371 2344 1447 2369 eam
1474 2334 1675 2369 evitandam
1701 2333 1785 2368 omi-

1003 2381 1096 2421 serit,
1124 2392 1210 2426 quas
1237 2381 1385 2425 diligens
1411 2381 1526 2426 quivis
1551 2381 1780 2419 adhibuisset,

1003 2428 1106 2473 culpa
1131 2433 1183 2463 est.
1203 2429 1358 2473 proxima
1385 2428 1473 2463 dolo.

1051 2479 1070 2517 ξ
1097 2475 1129 2510 2.
1160 2475 1269 2510 Casus
1305 2476 1467 2511 fortuitus
1500 2476 1556 2521 qui
1592 2475 1780 2521 praevideri

1003 2522 1054 2557 vel
1082 2523 1136 2557 cui
1166 2523 1321 2568 praeviso
1347 2523 1477 2558 occurri
1506 2523 1641 2569 nequit,
1662 2534 1681 2558 a
1699 2533 1782 2568 qua-

1003 2569 1085 2604 libet
1114 2570 1384 2615 imputabilitate
1409 2571 1543 2606 eximit.

1051 2616 1135 2652 CAN.
1165 2617 1270 2652 2204.
1294 2639 1309 2643 -
1334 2617 1448 2653 Minor
1477 2623 1581 2656 aetas
1605 2617 1668 2651 nisi
1688 2617 1782 2653 aliud

1002 2669 1147 2705 constet,
1174 2665 1301 2700 minuit
1327 2665 1442 2701 delicti
1472 2664 1780 2710 imputabililatem

1001 2722 1109 2757 eoque
1138 2712 1247 2757 magis
1278 2724 1345 2759 quo
1370 2713 1412 2748 ad
1435 2713 1621 2747 infantiam
1642 2712 1783 2758 propius

1002 2759 1146 2794 accedit.

1050 2806 1134 2842 Cim.
1164 2805 1268 2841 2205.
1301 2828 1316 2832 —
1345 2811 1364 2849 ξ
1394 2807 1422 2841 l.
1449 2806 1505 2841 Vis
1534 2806 1676 2853 physica
1693 2816 1781 2851 quae

1003 2865 1144 2889 omnem
1170 2854 1294 2889 adimit
1319 2854 1444 2899 agendi
1466 2854 1676 2889 facultatem.
1698 2853 1781 2888 deli-

1002 2906 1096 2936 ctum
1126 2912 1264 2947 prorsus
1289 2902 1450 2936 excludit.

1573 147 1664 183 Gan.
1691 147 1785 183 2198
1934 0 1981 187 1

1964 195 1981 239 <3
