1981 3182
237 148 308 182 208
585 148 665 182 1213.
692 147 736 181 V.
767 168 779 172 -
807 148 916 182 PARS
943 148 1015 181 ΙΙΙ.
1044 167 1059 174 -
1085 148 1141 182 De
1161 151 1301 193 poenis·
1328 151 1369 183 in
1395 150 1536 183 delicta

237 267 316 302 dem
344 267 497 312 privetur
524 267 691 313 pensione
715 272 775 302 aut
806 278 962 309 munere,
988 268 1015 302 si

237 314 328 360 quod
348 314 472 349 habeat
493 315 528 348 in
550 313 709 353 Ecclesia,
729 314 878 360 aliisque
898 314 1016 360 poenis

237 372 298 407 pro
315 361 484 406 gravitate
510 360 632 407 culpae
660 361 843 407 puniatur3
871 362 1017 398 clericus

238 419 317 444 vero
341 409 556 454 deponatur;

331 456 369 490 2Ο
392 455 427 491 Si
446 456 516 491 alia
536 455 657 490 munia
675 455 902 491 sacerdotalia
921 467 1016 490 usur-

236 503 378 548 paverit,
399 503 442 538 ab
462 501 651 538 Ordinario
671 514 731 549 pro
749 503 917 547 gravitate
942 503 1014 538 cul-

237 561 298 595 pae
326 550 502 596 puniatur.

283 596 366 633 CAN.
396 596 500 632 2323.
525 617 540 622 -
563 595 628 640 Qui
650 596 943 643 blasphemaverit
963 597 1012 632 vel

235 645 426 690 periurium
453 649 549 679 extra
585 644 751 680 iudicium
787 645 1012 685 commiserit,

235 692 397 737 prudenti
430 690 609 727 Ordinarii
649 692 793 727 arbitrio
834 692 1011 738 puniatur.

236 739 384 775 maxime
411 739 570 774 clericus.

281 786 365 822 CAN.
395 785 498 821 2324.
522 806 540 811 -
561 785 627 829 Qui
655 786 869 832 deliquerint
891 790 1014 822 contra

235 833 486 880 praescriptum
513 845 591 868 can.
621 832 701 874 827,
732 834 812 869 828.
842 833 923 876 840,
944 837 963 875 ξ
986 834 1011 873 l,

233 881 277 915 ab
304 879 493 917 Ordinario
520 893 580 926 pro
609 883 777 925 gravitate
807 881 929 927 culpae
958 892 1013 926 pu-

234 928 387 969 niantur,
414 939 485 963 non
513 929 664 971 exclusa,
693 928 721 962 si
748 939 802 963 res
834 928 929 964 ferat.
960 939 1012 962 su<

231 977 419 1021 spensione
445 980 505 1010 aut
533 975 690 1011 beneficii
719 975 771 1011 vel
789 976 889 1010 officii
909 975 1014 1011 eccle·

231 1023 359 1058 siastici
391 1023 595 1068 privatione,
617 1023 682 1064 vel,
699 1023 726 1057 si
747 1023 788 1058 de
814 1023 910 1058 laicis
935 1033 1012 1067 aga-

234 1075 301 1111 tur,
329 1070 702 1106 excommunicatione.

280 1117 362 1153 CAN.
383 1117 486 1152 2325.
506 1137 521 1144 -
540 1117 606 1160 Qui
623 1117 905 1163 superstitionem
921 1128 1012 1152 exer-

230 1165 339 1200 cuerit
357 1166 407 1200 vel
428 1165 648 1209 sacrilegium
671 1165 929 1210 perpetraverit,
953 1175 1011 1210 pro

229 1212 398 1257 gravitate
424 1213 546 1258 culpae
564 1212 607 1247 ab
627 1210 814 1248 Ordinario
835 1212 1010 1258 puniatur,

1113 205 1137 214 A

1091 267 1197 302 salvis
1217 267 1335 312 poenis
1354 267 1427 302 iure
1445 268 1583 303 statutis
1601 274 1721 304 contra
1734 269 1869 316 aliquos

1089 319 1187 349 actus
1217 315 1474 359 superstitiosos
1501 315 1552 350 vel
1578 316 1771 361 sacrilegia.

1138 361 1223 396 CAN.
1241 359 1347 396 2326.
1367 382 1383 386 -
1401 360 1467 405 Qui
1491 362 1594 397 salsas
1611 363 1776 409 reliquias
1793 374 1870 399 con-

1090 408 1172 443 ficit.
1193 413 1253 443 aut
1279 409 1428 444 scienter
1455 409 1584 451 vendit,
1610 410 1788 446 distribuit
1813 411 1867 447 vel

1090 455 1248 501 publicae
1275 455 1429 490 fidelium
1463 457 1675 493 venerationi
1711 458 1865 504 exponit,

1088 503 1162 549 ipso
1189 503 1277 538 facto
1303 504 1700 540 excommunicationem
1721 503 1869 540 Ordina-

1087 552 1138 585 rio
1164 553 1372 585 reservatam
1399 551 1587 586 contrahit.

1135 595 1220 632 CAN.
1249 597 1354 631 2327.
1379 618 1394 622 -
1417 598 1609 641 Quaestum
1636 599 1802 634 facientes
1827 610 1866 634 ex

1089 643 1318 689 indulgentiis
1359 644 1557 690 plectuntur
1594 645 1670 691 ipso
1701 646 1789 681 facto
1814 657 1867 682 ex-

1086 691 1407 727 communicatione
1434 691 1512 727 Sedi
1541 693 1758 738 Apostolicae
1783 693 1866 728 sim-

1089 739 1223 785 pliciter
1253 744 1438 774 reservata.

1134 786 1215 822 CAN.
1244 784 1345 821 2328.
1373 806 1396 812 -
1423 785 1490 830 Qui
1529 787 1697 822 cadavera
1736 787 1787 822 vel
1818 799 1868 823 se-

1088 834 1204 879 pulcra
1234 839 1448 869 mortuorum
1467 833 1510 868 ad
1531 834 1660 869 furtum
1685 834 1737 870 vel
1755 834 1862 870 alium

1089 881 1219 916 malum
1249 881 1354 915 finem
1376 881 1566 923 violaverit,
1586 881 1769 917 interdicto
1796 893 1868 928 per-

1086 928 1195 963 sonali
1227 929 1405 974 puniatur,
1426 928 1469 963 sit
1497 929 1570 974 ipso
1598 929 1685 964 facto
1711 929 1864 970 infamis,

1085 981 1117 1010 ct
1143 975 1288 1011 clericus
1317 981 1491 1020 praeterea
1517 976 1724 1022 deponatur.

1132 1022 1216 1058 CAN.
1246 1023 1346 1058 2:329.
1372 1044 1387 1048 —
1411 1023 1581 1058 Ecclesiae
1600 1025 1652 1059 vel
1670 1024 1862 1059 coemeterii

1085 1069 1278 1108 violatores,
1297 1072 1337 1105 de
1357 1071 1483 1116 quibus
1499 1071 1530 1106 in
1546 1081 1623 1105 can.
1643 1070 1745 1112 1172,
1763 1070 1865 1113 1207,

1084 1117 1268 1153 interdicto
1286 1118 1329 1152 ab
1349 1118 1508 1163 ingressu
1528 1118 1693 1153 ecclesiae
1718 1118 1865 1163 aliisque

1082 1165 1245 1209 congruis
1274 1167 1391 1209 poenis
1418 1165 1461 1200 ab
1489 1163 1677 1201 Ordinatio
1703 1176 1764 1212 pro
1789 1177 1863 1211 gra-

1084 1212 1187 1247 vitate
1213 1212 1328 1247 delicti
1360 1214 1562 1258 puniantur.

496 1363 536 1367 -
558 1353 639 1388 erga
659 1341 819 1377 SSmam.
856 1362 904 1375 ,—
931 1342 1044 1387 quoad
1071 1343 1202 1388 species
1229 1347 1447 1377 consecratas
1655 1342 1742 1378 Can.
1772 1342 1863 1377 *2320

488 1404 490 1417 ἰ
519 1389 769 1424 Eucharistiam
801 1396 858 1425 ——i

488 1432 490 1440 '
856 1440 903 1462 ³-
925 1437 959 1470 in
976 1437 1082 1471 missa
1123 1458 1164 1461 —
1182 1437 1302 1472 iterato
1318 1437 1368 1472 vel
1383 1437 1515 1482 absque
1530 1437 1659 1472 ieiunio
1703 1451 1718 1469 »
1772 1436 1861 1471 2321

488 1490 490 1505 “
873 1484 1103 1519 celebrata——

243 1532 379 1567 Titulus
392 1531 461 1567 Xll.
1132 1551 1163 1556 -
1192 1540 1250 1575 per
1282 1541 1352 1564 non
1388 1534 1581 1575 promotum
1615 1529 1658 1564 ad

234 1579 279 1615 De
318 1580 453 1615 delictis
1140 1578 1297 1612 ordinem
1326 1576 1571 1612 sacerdotalem
1703 1590 1718 1608 »
1772 1575 1862 1610 2322

255 1633 376 1662 contra
403 1638 452 1662 re-
487 1628 489 1675 ζ
756 1673 761 1675 μ
1775 1672 1778 1674 .

257 1674 536 1719 ligionem-J-
564 1673 717 1708 nominis
746 1673 801 1708 Dci
1702 1685 1716 1703 n
1772 1670 1861 1706 2323

498 1791 535 1794 —
562 1769 741 1804 occasione
768 1768 931 1814 stipendii
961 1767 1144 1802 Missarum
1701 1781 1714 1797 υ
1770 1763 1861 1800 2324

486 1896 488 1909 ⁵
747 1884 796 1910 ¹-
824 1863 858 1897 in
886 1873 1011 1907 genere
1038 1862 1182 1906 indigne
1209 1866 1372 1896 tractatas
1701 1875 1714 1892 »
1770 1858 1861 1895 2325

486 1910 534 1935 '—
561 1922 642 1955 erga
660 1922 712 1946 res
746 1942 748 1954 ἒ

514 1969 630 1994 sacras
692 1977 747 2008 —3
1011 1977 1057 1981 —
1083 1960 1220 2002 propter
1249 1955 1352 1990 falsas
1376 1954 1541 2002 reliquias
1700 1968 1714 1986 »
1770 1952 1860 1988 2326

746 2032 801 2104 ῗ-·
828 2052 862 2085 in
897 2061 972 2096 spe·
1013 2071 1055 2075 —
1081 2050 1123 2084 ob
1150 2054 1331 2095 quaestum
1359 2059 1396 2084 ex
1420 2048 1648 2093 indulgentiis
1699 2061 1713 2079 »
1768 2045 1858 2081 2327

774 2110 824 2134 Ue
1265 2165 1314 2190 1—
1347 2144 1555 2178 cadaverum
1595 2143 1645 2178 vel

1014 2203 1127 2238 —per
1139 2191 1242 2226 viola-
1265 2204 1268 2233 i
1294 2191 1532 2237 sepulcrorum
1698 2203 1712 2222 »
1767 2187 1858 2223 2328

1034 2240 1162 2274 tionem
1217 2237 1268 2298 -4

1272 2307 1310 2311 -
1343 2286 1495 2321 locorum
1534 2295 1646 2320 sacro-

1293 2344 1369 2368 rum
1495 2354 1506 2365 x,
1698 2346 1712 2363 1)
1768 2330 1857 2365 ’2329

348 2468 443 2511 158.
480 2469 738 2524 Inscriptio
779 2468 927 2512 Tituli
976 2470 1025 2512 et
1073 2468 1195 2511 ordo
1246 2479 1501 2511 canonum.
1541 2490 1593 2494 —
1641 2463 1856 2519 Postquam

225 2536 362 2581 Codex
399 2542 579 2580 tractans
613 2537 664 2580 de
698 2539 838 2593 poenis
872 2539 910 2578 in
945 2535 1107 2592 singula
1141 2535 1289 2578 delicta
1326 2537 1458 2591 primo
1492 2534 1743 2578 coadunavit
1777 2545 1857 2575 uno

225 2607 453 2651 sub'l'itulo
478 2607 628 2651 delicta
654 2611 796 2651 contra
834 2609 1007 2650 virtutes
1041 2606 1307 2662 theologzsses,
1336 2605 1553 2648 videlicet:
1588 2604 1711 2647 tidem
1736 2608 1857 2660 atque
1921 2627 1926 2633 ·

225 2681 454 2729 caritatem,
505 2678 601 2721 huic
650 2681 760 2721 enim
794 2678 1042 2721 adversatur
1075 2682 1218 2721 contra
1253 2679 1449 2719 unitatem
1486 2674 1695 2718 Ecclesiae
1728 2674 1858 2717 delin-

225 2762 369 2806 quens,
394 2749 547 2805 digerit
579 2751 715 2792 statim
758 2747 938 2790 Titulnm
975 2746 1058 2791 XII
1087 2749 1330 2803 inscriptum
1357 2745 1416 2789 De
1448 2744 1631 2798 delictis,
1653 2756 1758 2801 quae
1791 2744 1857 2786 ‹le-

224 2820 423 2862 liniuntur
456 2822 559 2872 (can.
596 2819 723 2872 2195,
755 2818 784 2876 g
821 2819 857 2871 1)
893 2809 1109 2861 «externa
1143 2823 1181 2861 et
1217 2816 1426 2860 moraliter
1459 2814 1713 2872 imputabilis
1753 2814 1855 2869 legis

229 2889 395 2932 violatio
444 2892 509 2933 cui
561 2889 699 2932 addita
743 2892 792 2932 sit
836 2890 993 2932 sanctio
1042 2890 1240 2932 canonica
1284 2887 1430 2930 salleni
1476 2886 1853 2937 indeterminata»,

1952 1623 1965 1671 ἱ,

1955 1677 1962 1700 ,ί

1956 1702 1965 1720 r,

1951 1732 1962 1758 117
