1981 3182
233 125 305 159 318
606 125 691 158 Lm.
715 126 758 159 V.
781 146 793 151 -
814 126 924 161 PARS
942 127 1011 161 ΙΙΙ.
1031 148 1044 152 -
1063 128 1120 162 De
1131 131 1270 172 poenis
1288 131 1331 162 iii
1349 129 1490 163 delicta
1540 127 1632 163 Can.
1661 126 1869 162 2407-2409

238 247 362 287 mitur
394 243 706 300 adimplendum
743 245 910 301 quidem
945 258 965 288 a
1005 251 1265 302 competente
1304 246 1526 303 Superiore
1569 246 1869 301 ecclesiastico,

235 320 274 357 et
306 314 427 358 simul
462 328 558 358 cum
591 315 686 358 illa:
721 314 776 358 ad
799 316 1043 373 reparanda
1067 316 1237 370 damna,
1261 330 1437 375 quorum
1464 318 1538 360 tuit
1561 329 1684 360 causa
1703 317 1864 372 efficax,

235 386 271 427 si
303 399 384 442 qna
417 384 542 428 illata
575 385 674 438 sint,
712 386 1018 443 compeliatur,·
1061 390 1157 444 quia
1201 392 1285 430 tun]
1331 389 1419 430 iure
1460 387 1652 441 naturali,
1694 392 1779 431 tum
1827 390 1867 430 vi

234 469 323 500 can.
360 456 485 510 2209,
521 458 545 508 ξ
580 456 602 498 3
637 461 731 499 sunt
766 457 1024 513 imputabilia
1065 458 1213 502 eidem.

354 527 449 569 ⁶254.
478 530 533 572 ln
551 531 795 584 augentes
816 532 979 581 taxas,
1004 532 1080 574 vel
1105 531 1236 574 ultra
1259 542 1345 574 eas
1369 530 1644 585 exigentes.
1667 554 1725 559 —
1741 527 1866 571 Aliud

236 597 432 641 delictum
467 598 756 641 consideratur
790 600 828 641 in
863 599 1109 643 officialibus
1142 598 1291 643 Curiae
1324 611 1371 642 ac
1407 601 1443 641 in
1481 599 1671 654 parochis
1705 612 1776 655 per
1798 612 1864 640 ca-

236 682 328 711 non.
363 670 503 711 3408.
545 667 680 711 Taoeas
714 675 933 712 consuetas
966 675 1005 712 et
1048 670 1234 727 leyitiine
1276 668 1532 727 approbatas
1574 669 1629 712 ad
1672 682 1865 712 normani

236 754 326 781 can.
362 742 481 783 1507
519 756 540 780 «
567 754 637 796 pro
675 743 799 783 variis
838 741 998 784 actibus
1042 741 1338 784 iurisdictionis
1385 741 1642 783 voluntariae
1689 739 1750 783 vel
1793 753 1870 796 pro-

236 813 534 868 exsequutione
568 813 864 868 rescriptorum
899 812 1016 855 Sedis
1049 811 1311 868 Apostolicae
1339 810 1400 854 vel
1426 813 1642 854 occasione
1667 813 1866 854 ministra-

236 884 357 925 tionis
390 882 752 925 Sacranientornm
791 882 852 926 vel
896 883 1265 926 Sacramentalium
1291 898 1329 938 n,
1376 885 1493 940 (quas
1531 898 1553 923 «
1578 883 1797 939 praetinire
1826 884 1870 924 in

235 957 317 996 tota
350 952 631 997 ecclesiastica
664 956 877 1009 provincia
911 953 1147 1004 solvendas„
1186 959 1246 996 est
1287 953 1458 997 Concilii
1494 952 1763 1010 provincialis
1796 957 1867 995 aut

236 1028 465 1066 conventus
499 1023 796 1080 Episcoporum
834 1026 1097 1080 provincia03
1133 1024 1202 1067 sed
1247 1023 1356 1067 nulla
1404 1026 1440 1065 vi
1487 1024 1718 1080 praefinitio
1761 1024 1872 1066 eius-⁷

238 1094 347 1137 motli
385 1094 520 1150 pollet,
554 1097 629 1137 nisi
668 1097 779 1151 prius
812 1107 834 1138 a
868 1095 973 1138 Setle
1007 1094 1242 1151 Apostolica
1288 1094 1512 1151 approbata
1555 1095 1680 1137 fuerit
1702 1092 1764 1150 n),
1797 1106 1870 1135 ati-

233 1170 392 1221 omnes,
426 1165 591 1221 quando
626 1168 936 1221 interrogantur
968 1165 1018 1208 (le
1054 1167 1150 1221 ipsis
1182 1165 1407 1219 solvendis,
1445 1164 1505 1208 vel
1540 1166 1766 1207 assertione
1799 1163 1869 1206 (lo-

239 1235 336 1288 losa,
370 1241 443 1277 ant
478 1235 592 1277 ultra
625 1249 696 1277 etis
720 1238 792 1278 etsi
822 1249 917 1279 vere
944 1236 1166 1292 patefactas
1190 1234 1356 1292 aliquid
1378 1235 1591 1291 emiqentes
1617 1248 1694 1277 non
1724 1238 1875 1290 sponte*

237 1305 434 1356 oblatum,
468 1306 666 1350 alterutro
702 1309 739 1349 in
775 1320 870 1350 casu
905 1306 1086 1363 ammiti
1117 1305 1274 1348 mulcta
1304 1305 1555 1363 pecuniaria
1580 1310 1868 1359 coerceantur⁷

240 1380 350 1420 utin
387 1391 467 1435 quo
508 1383 732 1433 peccarunt
778 1380 1013 1434 puniantur,
1059 1390 1133 1420 nec
1177 1376 1310 1420 simile
1355 1376 1451 1433 quid
1498 1381 1710 1429 attentent,
1758 1375 1865 1418 unde

240 1448 280 1504 b)
314 1454 352 1490 et
386 1448 560 1491 recidivi
599 1464 617 1489 (‹
641 1462 764 1492 sensu
800 1451 945 1492 iuris»
983 1453 1087 1501 (can.
1124 1448 1249 1503 2208,
1283 1448 1310 1506 ξ
1348 1447 1386 1504 1)
1426 1447 1476 1490 ab
1519 1446 1658 1504 officio
1702 1449 1741 1489 in
1785 1459 1872 1503 quo-

239 1522 527 1575 praevaricant
561 1519 876 1578 suspendantur
912 1519 971 1562 rei
1007 1525 1312 1573 removeantur,
1352 1520 1477 1575 igitur
1523 1530 1651 1574 poena
1696 1521 1757 1561 est
1798 1517 1867 1560 (le-

238 1593 454 1633 terminata
489 1596 527 1634 et
562 1593 840 1647 praeceptivis
887 1591 1024 1634 verbis
1067 1602 1276 1646 expressa,
1322 1590 1572 1633 (lisiunctive
1614 1593 1752 1632 autem
1789 1601 1873 1645 pro-

238 1660 386 1716 cnlpae
415 1662 641 1718 quiritem,
666 1665 763 1719 quin
789 1676 838 1705 ex
866 1662 1088 1718 praedictis
1114 1664 1254 1717 poenis
1277 1660 1505 1704 liberentur
1527 1659 1578 1703 ab
1602 1658 1876 1715 adimplendo·

239 1735 326 1775 iure
360 1738 544 1787 naturae,
582 1734 689 1776 unde
730 1732 932 1776 subinfert
974 1746 1129 1776 canon:
1163 1732 1202 1788 c)
1239 1738 1413 1789 praeter
1435 1730 1731 1788 obli'qationem
1752 1728 1871 1772 resti-

240 1803 383 1846 tuendi
416 1803 524 1861 qnod
557 1804 713 1847 iniuste
739 1804 1020 1862 perceperint,
1057 1816 1148 1846 nani
1187 1808 1227 1845 ut
1261 1805 1316 1845 ait
1352 1801 1394 1844 D.
1430 1801 1549 1845 Th.¹:
1589 1816 1608 1841 ((
1635 1803 1784 1843 iustum
1810 1804 1869 1843 est

238 1873 400 1931 aliquod
437 1889 539 1931 opus
572 1875 849 1932 adaequatum
885 1874 1001 1917 alteri
1037 1874 1264 1917 secundnm
1291 1872 1471 1929 aliquem
1497 1871 1758 1928 aequalitatis
1783 1884 1866 1912 mo-

239 1945 335 1988 dum
360 1961 381 1985 »
419 1951 456 1988 et
493 1947 617 1989 intra:
657 1961 677 1985 «
703 1945 794 1988 Alio
830 1945 951 1988 modo
986 1944 1140 2001 aliquid
1176 1948 1236 1986 est
1268 1943 1546 1999 adaequatum
1575 1941 1639 1984 vel
1664 1953 1877 1984 commen·

238 2021 421 2059 snratum
457 2017 573 2059 alteri
609 2030 656 2059 ex
693 2016 898 2069 condicto,
933 2018 1022 2058 sive
1056 2028 1105 2058 ex
1145 2015 1355 2057 communi
1402 2014 1613 2069 placito»,
1659 2016 1697 2054 et
1742 2011 1872 2053 infra:

244 2087 367 2130 «alio
403 2087 523 2130 modo
555 2101 604 2130 ex
640 2087 831 2131 condicto
867 2086 1043 2143 publico,
1081 2090 1219 2141 puta...
1254 2098 1347 2127 cum
1376 2084 1450 2126 boc
1474 2083 1638 2126 ordinat
1663 2084 1867 2138 princeps,

240 2160 308 2214 qui
342 2171 483 2201 curam
521 2158 656 2215 populi
692 2157 827 2209 habet,
866 2163 904 2201 et
938 2160 1026 2201 eius
1053 2169 1268 2213 personam
1293 2157 1421 2212 gerit3
1457 2159 1497 2197 et
1530 2153 1607 2197 hoc
1631 2153 1782 2196 dicitur
1806 2154 1868 2195 ius

240 2228 329 2285 (seu
364 2228 534 2286 iustum)
570 2232 791 2286 positivum
821 2245 867 2273 »:
903 2228 1108 2272 obiectum
1145 2226 1312 2284 quidem
1339 2227 1519 2268 iustitiae
1543 2225 1866 2267 commutativae

239 2299 301 2354 (ut
335 2304 444 2356 patet
479 2302 515 2342 in
550 2305 625 2343 art.
667 2301 718 2355 1⁰,
753 2305 791 2343 et
824 2313 862 2357 q.
897 2298 1018 2342 LVlll
1051 2303 1126 2341 art.
1163 2297 1250 2354 xl),
1284 2302 1323 2340 et
1356 2298 1473 2339 cuius
1510 2294 1676 2338 violatio
1709 2306 1873 2337 secum-

238 2371 314 2413 fert
347 2384 449 2413 onus
483 2372 799 2414 restitutionis?

359 2442 453 2484 255.
473 2444 680 2499 Propter
699 2445 980 2499 illegitimas
993 2443 1184 2487 litteras
1203 2436 1524 2485 dimissorias.
1540 2463 1591 2468 —
1611 2435 1710 2479 Can.
1725 2437 1864 2478 2409.

249 2511 439 2555 l'icaritts
458 2512 712 2570 ct'tpitttlaris
746 2513 970 2555 concedens
994 2511 1163 2555 litteras
1197 2509 1465 2553 dimissorias
1486 2522 1564 2566 pro
1583 2506 1869 2561 ordinatione,

237 2586 430 2640 quamvis
463 2583 563 2627 haec
599 2597 676 2626 non
715 2584 967 2636 verificetur,
1000 2582 1226 2625 dummodo
1260 2581 1308 2624 atl
1356 2579 1574 2622 ordinandi
1625 2581 1863 2634 potestatem

239 2656 517 2710 pervenerint,
552 2660 697 2697 contra
729 2654 1041 2711 praescriptum
1075 2667 1164 2695 can.
1200 2652 1307 2703 953,
1341 2653 1418 2704 gl,
1455 2664 1492 2693 n..
1516 2650 1559 2698 3,
1592 2647 1771 2691 scilicet:
1798 2645 1864 2689 vel
1911 2672 1919 2706 3

238 2726 324 2767 sine
363 2723 575 2781 «Capituli
610 2738 810 2767 consensu
832 2740 852 2764 »
895 2723 956 2767 vel
1007 2725 1150 2765 «intra
1185 2734 1337 2765 annum
1364 2736 1384 2760 »
1432 2719 1554 2762 alicui
1590 2731 1667 2761 non
1708 2721 1869 2760 arctato

360 2881 369 2901 ¹
397 2878 541 2913 II-H20.
571 2891 606 2924 q.
637 2877 758 2913 LVII.
787 2889 820 2911 a.
852 2877 900 2911 II.
932 2897 972 2901 —
1000 2876 1013 2898 2
1041 2876 1083 2917 Q.
1111 2875 1236 2919 LXII,
1265 2879 1337 2909 art.
1364 2874 1382 2907 1
1409 2879 1450 2907 et>
1476 2873 1526 2906 II.
