1981 3182
0 0 171 67 f
209 0 218 6 .,
250 5 254 8 ,

115 120 210 156 Gan.
235 119 330 154 2350
418 171 423 174 .
488 120 572 154 Trr.
602 120 708 154 XtV.
731 140 742 146 -
761 121 817 154 De
834 121 986 155 delictis
1005 123 1140 154 contra
1159 123 1281 154 vitam
1301 123 1367 155 etc.
1670 121 1739 154 ‘251

115 246 239 299 atque
272 255 321 285 ex
357 250 454 286 tunc
487 254 630 285 omnes
663 241 734 290 itti,
770 242 963 297 quamvis
994 242 1155 283 interim
1193 243 1466 296 poenituerint
1501 241 1551 283 de
1585 246 1743 298 patrato

115 314 302 362 crimine,
340 312 380 354 in
415 311 885 355 excommemicationem
917 310 1032 353 latae
1069 312 1301 354 sententiae
1337 310 1568 354 Ordinario
1609 325 1743 354 reser-

0 392 2 422 ι
114 388 269 433 vatam,
304 385 356 426 ita
395 396 492 426 vero
527 388 567 426 ut
604 383 837 439 praedictos
871 383 1128 437 poenitentes
1160 384 1312 436 statim,
1346 381 1448 425 alios
1485 396 1581 425 vero
1604 395 1625 426 a
1649 396 1743 426 con-

115 456 294 497 tumacia
330 454 584 507 recedentes,
615 469 633 494 <‹
658 452 831 510 quilibet
864 449 1115 497 Ordinarius
1151 454 1275 508 possit
1298 452 1515 496 absolvere
1538 467 1633 496 suos
1655 453 1745 497 sub-

114 524 234 578 ditos,
270 525 346 568 loci
385 538 482 567 vero
515 522 765 569 Ordinarins
797 525 919 566 etiam
957 526 1242 579 peregrinos»
1273 523 1380 580 (can.
1417 524 1543 579 2253,
1578 523 1654 580 3⁰).

230 595 258 654 ξ
288 597 332 638 2.
370 594 467 648 Qui,
483 597 557 638 etsi
592 595 747 648 clerici,
782 594 823 636 in
846 593 1005 651 seipsos
1030 607 1176 635 manus
1200 593 1436 650 intulerint,
1465 594 1645 639 scilicet:
1672 608 1743 650 per

113 668 316 709 actionem
354 667 571 721 positivam
607 669 645 708 et
683 666 869 720 graviter
902 663 1153 719 culpabilem
1196 663 1392 706 damnum
1441 665 1591 707 inferre
1638 667 1744 708 vitae

115 738 306 793 propriae
340 741 407 779 aut
444 735 714 779 incolumitati
750 736 936 790 corporis
969 734 1187 788 voluerint,
1211 734 1440 790 sclopetum
1466 734 1741 790 explodendo,

116 820 188 863 per
220 806 354 864 laquei
389 808 716 863 suspensionem,
753 807 834 848 imo
869 819 916 848 ex
953 805 1034 848 alto
1068 805 1310 849 ‹leiicientes
1343 818 1399 854 se,
1434 808 1532 861 quin
1568 819 1671 861 opus
1694 808 1743 848 sit

116 877 306 921 manibus
339 880 410 929 uti,
446 876 546 920 haec
581 878 689 919 enim
728 877 892 932 proprie
915 875 992 919 sub
1016 875 1199 919 clausula
1224 876 1396 932 intelligi
1425 881 1744 931 p‹›ssunt‚secus

112 950 143 991 si
179 950 270 1004 quis
302 947 547 991 abstinentia
573 946 653 990 cibi
678 951 715 990 et
743 951 861 1003 potus
883 946 1070 990 absoluta
1098 952 1269 990 mortem
1295 949 1526 1003 appetierit,
1553 948 1744 1003 ‹piamvis

112 1018 334 1062 suicidium
370 1031 515 1069 revera
552 1021 624 1061 iste
647 1020 941 1069 committeret,
965 1017 1006 1074 a)
1032 1018 1069 1060 si
1092 1017 1255 1075 quidem
1282 1032 1393 1061 mors
1416 1031 1463 1061 ex
1493 1017 1559 1060 tali
1580 1019 1739 1060 actione

111 1094 288 1146 sequuta
321 1088 391 1140 sil,
425 1088 646 1146 sepultura
679 1088 966 1130 ecclesiastiea
1002 1091 1039 1131 in
1076 1101 1248 1145 poenam
1282 1089 1504 1145 prirentur
1546 1088 1601 1130 (ια’
1644 1101 1738 1130 uor-

114 1172 221 1201 mam¹
254 1172 344 1201 ean.
381 1160 513 1212 1240,
546 1158 574 1216 ξ
610 1161 642 1213 1,
678 1173 715 1200 n.
749 1160 793 1209 3,
827 1158 1011 1201 clausula
1047 1159 1318 1201 confirmante
1358 1161 1739 1215 interpretationem

114 1231 262 1286 prioris
293 1229 505 1272 clausulae
537 1230 674 1275 datam
716 1246 733 1269 «
758 1230 987 1272 secundum
1030 1232 1236 1286 propriam
1275 1229 1497 1273 verborum
1531 1230 1738 1285 signitica-

112 1302 263 1343 tionem
299 1303 336 1342 in
374 1305 487 1342 textu
521 1304 561 1343 et
593 1305 790 1343 contextu
824 1300 1176 1343 consideratam»
1212 1303 1317 1353 (can.
1356 1299 1442 1356 18),
1475 1302 1532 1343 sic
1556 1302 1663 1342 enim
1692 1299 1740 1342 le·

111 1372 222 1426 gitur
256 1373 293 1413 in
329 1371 386 1413 n.⁰
420 1369 509 1415 cit.⁰
547 1387 569 1411 «
592 1369 670 1423 Qui
705 1384 748 1414 se
783 1373 856 1427 ipsi
892 1371 1121 1414 occiderint
1155 1370 1383 1414 deliberato
1417 1370 1587 1413 consilio
1610 1386 1650 1421 »‚
1684 1375 1740 1412 at-

111 1446 247 1484 tamen
283 1454 331 1484 ex
369 1443 483 1484 initio
516 1444 685 1488 canonis
723 1458 744 1483 «
768 1444 842 1484 nisi
878 1447 972 1485 ante
1009 1447 1180 1485 mortem
1216 1441 1352 1499 aliqua
1388 1442 1578 1485 dederint
1605 1443 1740 1497 poeni·

113 1514 263 1555 tentiae
295 1514 412 1568 signa
435 1528 477 1565 n,
509 1525 615 1570 quae
650 1514 686 1555 in
722 1525 818 1555 casu
854 1513 1093 1556 sullicerent
1126 1513 1176 1555 ad
1213 1512 1288 1556 lioc
1324 1518 1364 1555 ut
1398 1510 1647 1556 Ordinarius
1680 1524 1739 1554 se-

111 1587 310 1639 queretur
344 1586 644 1639 praescriptum
678 1590 786 1627 can.⁸
820 1583 945 1633 2223,
969 1587 996 1638 g
1021 1584 1079 1639 3⁰,
1103 1583 1180 1627 sub
1204 1583 1262 1626 n.⁰
1288 1584 1331 1626 20
1355 1588 1423 1626 aut
1451 1583 1492 1625 30
1518 1596 1590 1639 pro
1624 1595 1743 1625 casus

110 1655 445 1697 circumstantiis.
482 1653 607 1697 Porro
642 1668 719 1697 non
755 1659 815 1697 est
850 1654 1085 1698 huiusmodi
1122 1668 1264 1711 poena,
1300 1668 1379 1711 qua
1416 1654 1519 1697 talis.
1545 1656 1630 1709 ipso
1655 1655 1742 1695 iure

112 1725 375 1777 incurrenda,
409 1725 509 1768 dicit
543 1727 651 1768 enim
687 1739 842 1769 canon:
883 1728 1211 1782 «priventur»,
1244 1731 1281 1768 et
1316 1728 1373 1768 sic
1417 1727 1451 1768 ei
1497 1724 1741 1781 applicanda

111 1809 190 1838 non
226 1800 288 1840 est
319 1808 463 1839 norma
497 1795 548 1838 de
583 1810 807 1852 poenarum
846 1799 1087 1840 remissione
1120 1796 1196 1840 sub
1230 1810 1319 1840 can.
1356 1796 1481 1838 2237.

230 1866 467 1910 Prosecutio
500 1867 537 1920 {³
572 1868 880 1910 commentandi
922 1872 1006 1912 est:
1050 1882 1179 1916 secus,
1225 1881 1395 1923 nempe:
1439 1866 1477 1923 b)
1518 1868 1591 1909 «si
1634 1880 1743 1908 mors

110 1942 284 1994 sequuta
318 1949 397 1979 non
435 1937 556 1980 fuerit
582 1953 603 1976 »
641 1951 689 1980 ex
726 1940 887 1981 actione
924 1940 1036 1993 prius
1069 1937 1275 1980 declarata
1312 1936 1522 1980 clausulae
1561 1951 1579 1976 c(
1603 1938 1671 1993 qui
1703 1938 1739 1977 in

109 2009 271 2063 seipsos
302 2019 447 2050 manus
480 2007 757 2059 intulerint»,
794 2008 916 2051 iidem
963 2008 1102 2051 clerici
1146 2008 1296 2051 laicive
1335 2006 1375 2064 a)
1421 2012 1650 2049 arceantur
1691 2019 1740 2048 ex

110 2079 280 2121 canonis
316 2082 535 2134 praecepto
568 2079 639 2121 sed
676 2092 769 2122 cum
806 2079 971 2122 terenda
1007 2092 1151 2135 poena,
1186 2077 1236 2120 ab
1260 2076 1423 2120 aclibus
1447 2076 1648 2134 leyilimis
1681 2090 1740 2118 ee-

110 2147 361 2191 clesiastieis
397 2150 508 2192 iuxta
541 2151 887 2205 significationem
923 2149 1000 2193 sul)
1035 2162 1124 2193 can.
1161 2149 1288 2204 2256,
1324 2149 1366 2191 2Ο
1401 2161 1655 2204 expressam,
1689 2153 1741 2201 et,

110 2218 148 2261 si
179 2218 264 2261 siut
298 2218 456 2270 elerici,
502 2220 744 2275 «peculiari
790 2234 933 2263 eorum
980 2232 1108 2276 poena
1157 2220 1410 2262 vindicativa
1437 2234 1454 2259 t)
1494 2218 1535 2275 b)
1570 2232 1738 2276 suspeu-

110 2288 270 2332 danlur
302 2289 358 2332 ad
393 2295 552 2347 tempus
576 2289 625 2332 ab
653 2290 885 2333 Ordinario
915 2307 934 2332 <t
961 2293 1064 2334 intra
1103 2291 1252 2333 limites
1275 2302 1373 2333 suae
1399 2289 1692 2332 iurisdictionis
1718 2305 1735 2328 »

110 2359 390 2416 definiendum
425 2360 533 2418 (can.
570 2361 696 2415 2298,
732 2362 809 2418 20),
844 2367 898 2415 el,
931 2362 971 2419 c)
1002 2376 1026 2404 a
1061 2361 1268 2417 beneficiis
1300 2366 1374 2403 aut
1407 2360 1566 2417 officim,
1607 2361 1739 2416 prouti

112 2430 213 2475 haec
250 2431 310 2475 vel
348 2431 414 2475 illa
450 2431 642 2485 habeant,
676 2446 820 2475 euram
854 2433 1094 2475 ammarum
1129 2445 1224 2475 cum
1260 2431 1544 2474 iurisdictione
1585 2429 1742 2472 interni

115 2516 150 2546 v.
169 2503 246 2560 gr.
283 2505 533 2557 paroeciam,
570 2502 630 2545 rel
661 2504 827 2546 eoeterm'
857 2504 946 2561 sori
972 2517 1010 2549 v,
1033 2517 1094 2560 gr.
1121 2505 1157 2545 in
1183 2502 1372 2558 delegato
1397 2514 1469 2558 pro
1500 2501 1743 2544 mulieribus

113 2573 316 2628 religiosis
349 2572 556 2616 adnexam
593 2576 681 2616 iure
718 2574 779 2617 vel
805 2574 856 2618 ab
882 2574 1046 2617 homine
1071 2572 1315 2616 habentibus
1339 2578 1644 2624 removeamur,
1662 2586 1743 2614 ser-

115 2648 206 2687 vato
239 2643 407 2701 quidem
442 2645 586 2687 ordine
620 2647 732 2699 iuris,
766 2645 932 2702 quando
968 2658 1184 2701 processus
1215 2645 1267 2686 sit
1291 2647 1582 2699 praescriptus.
1609 2642 1740 2685 Etiam

110 2713 187 2758 sub
220 2714 367 2758 litteris
401 2714 443 2771 b)
478 2720 515 2758 et
548 2717 585 2769 c)
623 2732 644 2756 α
668 2715 732 2758 lex
770 2719 897 2759 utitur
934 2715 1071 2759 verbis
1112 2716 1389 2771 praeceptivis
1431 2716 1469 2756 in
1514 2713 1743 2757 statuendis

112 2788 254 2842 poenis
287 2786 481 2829 ferendae
514 2789 786 2830 sententiae»
823 2792 927 2839 (can.
964 2786 1091 2839 2223,
1123 2788 1148 2839 §j
1180 2785 1223 2842 3)
