1981 3182
148 140 239 176 Can.
267 139 360 174 2291
589 140 673 173 Trr.
702 139 774 173 IX.
803 160 815 164 -
841 139 898 174 De
921 142 1055 181 poenis
1081 140 1332 174 vindicatio-is
1705 139 1773 173 175

150 261 361 316 potestatis
394 272 486 302 cum
523 259 743 302 residentia
777 257 1042 316 episcopalis,
1066 257 1284 301 abbatialis
1306 263 1375 301 aut
1401 258 1661 301 Praelaturae
1686 256 1773 300 nul-

150 329 242 385 lius,
275 329 338 372 cel
366 328 657 387 paroecialis:

267 399 314 442 4⁰
347 399 532 457 Infamia
566 399 675 442 iuris
710 400 813 442 infra
847 398 1120 454 explicanda:
1160 425 1217 429 —
1249 399 1297 441 50
1325 397 1510 441 privatio
1533 398 1777 456 sepulturae

151 469 475 521 ecclesiasticae,
516 484 681 526 semper
723 483 771 513 ac
803 472 855 512 sit
886 469 1129 525 exequenda
1164 469 1357 525 equidem
1392 468 1776 522 extraiudicialiter,

149 540 219 583 sed
257 541 312 583 acl
345 554 535 583 normam
568 554 660 584 can.
695 542 829 593 1240,
860 540 887 596 ξ
922 539 960 592 1,
994 539 1120 582 idest:
1159 555 1180 579 a
1204 541 1279 582 nisi
1313 544 1406 582 ante
1442 545 1612 582 mortem
1639 539 1775 596 aliqua

151 611 343 654 dederint
377 610 701 668 (delinquentes)
736 611 1011 667 poenitentiae
1034 612 1149 665 signa
1175 626 1214 663 )),
1248 615 1286 653 et
1309 610 1534 653 dummodo
1562 611 1775 653 veriticen-

153 688 219 725 tur
251 685 475 725 canonicae
508 681 767 725 conditiones
798 680 875 723 sub
907 680 1081 736 singuiis
1125 683 1309 723 numeris
1343 680 1496 723 ibidem
1529 680 1775 733 declaratis3

154 779 206 783 —
229 751 278 795 6⁰
311 751 499 795 Privatio
521 750 892 793 sacramentaliimi
916 754 1138 807 separatim
1174 752 1341 803 intlicta,
1365 753 1459 808 quia
1484 751 1560 793 sub
1591 752 1777 793 censuris

153 823 402 880 quandoque
447 822 683 872 includitur,
720 835 754 863 v.
790 836 850 878 gr.
885 821 937 865 ob
970 834 1061 865 can.
1106 821 1231 869 2⁶26st
1280 822 1405 875 2261,
1452 821 1519 864 ubi
1555 820 1778 864 declaratio

133 893 275 960 ,huius
310 905 464 949 poenae
497 898 556 936 est
590 893 867 950 requirenda;
1197 882 1199 884 ’

273 963 319 1006 7⁰
358 962 558 1015 Privatio,
592 976 697 1021 quae
733 968 977 1020 perpetuum
1011 963 1133 1006 habet
1172 964 1379 1017 ellectum,
1405 962 1465 1005 cel
1487 962 1702 1019 suspensio
1726 961 1781 1004 aa'

156 1040 328 1092 tempus,
373 1047 454 1091 quo
498 1038 704 1077 transacto
750 1037 975 1077 reviviscat
1020 1037 1231 1090 perceptio
1273 1034 1314 1090 a)
1345 1033 1561 1090 pensionis
1595 1047 1698 1090 quae
1732 1031 1780 1074 al>

153 1104 344 1149 Ecclesia
379 1104 570 1149 tidelibus
605 1105 665 1148 cel
698 1120 748 1147 eac
780 1105 897 1148 bonis
920 1104 1137 1149 Ecclesiae.
1160 1110 1244 1148 tum
1269 1105 1574 1153 communibus,
1599 1110 1683 1148 tum
1709 1104 1780 1147 ali-

154 1178 272 1220 cuius
307 1175 510 1229 beneticii,
544 1181 613 1219 aut
654 1189 852 1232 personae
892 1176 1058 1219 moralis
1091 1175 1270 1219 solvitur
1302 1189 1425 1220 causa
1451 1178 1636 1219 muueris
1670 1178 1782 1228 prius

154 1249 324 1290 exerciti
378 1246 441 1290 vel
492 1249 688 1300 caritatis,
725 1246 785 1289 cel
820 1246 861 1303 b)
897 1245 1009 1289 alius
1045 1246 1151 1289 iuris
1189 1248 1362 1303 quaesiti
1398 1260 1469 1288 seu
1503 1246 1542 1303 c)
1565 1245 1783 1304 pricileyii

155 1323 320 1374 praeter
354 1320 416 1361 ius
448 1322 517 1361 aut
550 1323 692 1361 contra
729 1320 803 1372 ius,
828 1317 1067 1361 alterutrius
1090 1316 1376 1360 ecclesiastici.
1412 1317 1542 1360 idest:
1579 1319 1616 1359 in
1642 1316 1780 1359 Eccle-

154 1390 239 1431 siae
263 1389 351 1431 foro
379 1390 581 1444 vigentis:
618 1414 673 1418 —
697 1388 745 1432 80
771 1387 956 1431 Remotio
976 1387 1024 1430 al)
1048 1387 1208 1430 actibus
1241 1388 1442 1444 lessitiniis
1475 1387 1783 1437 ecclesiasticis,

156 1461 223 1515 qui
261 1461 297 1501 in
332 1471 422 1502 can.
458 1459 585 1514 2256,
620 1458 664 1501 ⁶2⁰
698 1464 981 1513 recensentur,
1025 1457 1269 1501 arei-vendis
1313 1458 1434 1510 licite,
1469 1464 1535 1501 aut
1573 1462 1658 1514 post
1693 1472 1781 1500 sen-

158 1523 327 1573 tentiam
353 1530 743 1573 condemmitoriam
785 1530 1187 1588 velfilcclaratoriam
1223 1532 1345 1573 etiam
1384 1529 1532 1583 valide,
1558 1532 1669 1572 iuxta
1694 1542 1782 1572 can.

159 1601 257 1655 765,
294 1600 338 1643 2⁰
370 1601 506 1658 quoad
531 1599 796 1657 baptismum.
821 1614 910 1644 can.
936 1602 1034 1654 7935,
1061 1600 1104 1643 2⁰
1127 1601 1261 1658 quoad
1287 1602 1660 1654 confirmationem,
1679 1612 1785 1657 quae

156 1671 205 1714 ad
240 1670 342 1714 alios
374 1676 490 1714 actus
524 1671 731 1727 legitimos
769 1672 1072 1715 ecclesiasticos
1110 1685 1187 1714 non
1234 1674 1440 1714 immerito
1474 1670 1711 1714 extenditur
1734 1670 1783 1713 ad

156 1754 343 1785 normam
379 1754 468 1785 can.
505 1742 573 1796 20,
607 1742 771 1799 (quaudo
806 1756 953 1798 nempe
992 1759 1013 1783 α
1039 1743 1112 1785 l1ac
1137 1743 1187 1785 de
1214 1756 1255 1785 re
1278 1742 1383 1785 desit
1407 1755 1648 1798 expressum
1676 1754 1787 1797 prae-

155 1814 355 1869 scriptum
379 1828 399 1853 >2
440 1815 476 1855 in
512 1811 691 1866 Codice,
729 1839 778 1843 —
815 1812 863 1852 ‚0⁰
898 1812 1164 1863 Inlialn'litas‚
1208 1826 1315 1870 quae
1360 1812 1531 1869 proinde
1564 1817 1623 1855 est
1657 1812 1698 1865 a)
1732 1810 1787 1853 ad

153 1882 322 1940 qratias
354 1882 675 1937 ecclesiasticas,
708 1897 780 1927 seu
820 1883 1070 1927 favorabiles
1104 1886 1392 1927 concessiones
1424 1897 1472 1926 ex
1510 1888 1623 1939 parte
1647 1887 1781 1925 aucto-

160 1955 289 1997 ritatis
322 1953 643 2007 ecclesiasticae,
679 1954 720 2011 b)
745 1960 819 1996 aut
855 1955 996 1997 munia
1038 1955 1077 1997 in
1114 1953 1303 1997 Ecclesia
1328 1966 1407 2010 qua
1430 1956 1626 1997 societate
1653 1952 1787 1995 valide

159 2024 381 2068 obtinenda
416 2024 533 2078 haec,
571 2026 632 2069 vel
670 2026 773 2079 illas,
809 2040 915 2081 quae
947 2032 1104 2069 statum
1148 2025 1383 2069 clericalem
1429 2028 1541 2068 iuxta
1579 2037 1667 2068 can.
1705 2024 1787 2066 118

161 2109 239 2139 non
275 2096 509 2153 requirant,
543 2098 581 2153 c>
614 2097 677 2139 vel
709 2097 765 2140 acl
795 2097 956 2153 artatus
1000 2096 1260 2139 academicos
1303 2096 1558 2139 auctoritate
1595 2095 1787 2138 ecclesia-

160 2166 281 2216 stica,
317 2166 489 2223 proinde
527 2169 638 2224 «qui
679 2168 850 2210 essectus
872 2170 1094 2211 canonicos
1128 2169 1166 2209 in
1190 2166 1374 2210 Ecclesia
1416 2166 1590 2209 babeant
1615 2181 1636 2205 »
1680 2165 1788 2222 (can.

165 2237 308 2291 1377),
345 2236 480 2280 valide
513 2237 851 2295 consequendos:

278 2308 379 2352 Cum
417 2309 679 2365 praecedenti
717 2310 956 2353 relationem
992 2314 1146 2363 servat,
1180 2321 1287 2366 quae
1310 2307 1590 2366 sequitui-sub
1624 2307 1682 2350 n.⁰
1716 2306 1789 2349 10⁰

163 2377 351 2422 Privatio
384 2391 463 2437 qua
498 2384 695 2436 perpetua
730 2394 778 2423 ex
814 2394 857 2423 se
890 2380 953 2423 vel
995 2379 1213 2438 suspensio
1247 2379 1302 2422 acl
1346 2385 1505 2437 teinpus
1550 2384 1637 2435 post
1679 2378 1788 2436 quod

162 2452 389 2493 revirescat
423 2453 667 2494 exercitium
703 2454 903 2506 muneris,
936 2452 1044 2509 quod
1066 2464 1144 2493 non
1169 2452 1219 2493 sit
1243 2451 1423 2493 officium
1449 2449 1789 2501 ecclesiasticum,

161 2519 384 2577 facultatis
418 2520 467 2564 ad
503 2521 658 2577 pluries
690 2521 845 2579 aliquid
881 2522 1105 2578 agendum,
1142 2521 1391 2577 t‘eltst·aliae
1414 2526 1589 2577 praeter,
1608 2525 1676 2563 aut
1700 2533 1792 2563 con-

163 2595 223 2633 tra
260 2593 321 2634 ius
367 2591 452 2633 iam
497 2591 718 2639 obtentae:
748 2618 805 2623 —
838 2593 905 2635 11Ο
944 2592 1129 2635 Privalio
1162 2592 1203 2648 a)
1237 2592 1346 2635 iuris
1384 2591 1708 2650 praecedentiae
1739 2591 1787 2633 ad

164 2673 353 2704 normam
386 2675 438 2705 ss.
473 2675 677 2706 canonum
723 2665 897 2720 quaesiti
945 2663 1005 2706 cel
1038 2662 1078 2716 b)
1111 2662 1221 2705 cocis
1260 2662 1423 2705 activae
1454 2668 1493 2705 et
1522 2662 1718 2720 passivae
1753 2674 1788 2706 v.

164 2744 224 2788 gr.
260 2733 297 2774 in
331 2733 749 2782 confraternitatibus,
782 2736 972 2777 tertiisve
1005 2733 1234 2788 ordinibus,
1270 2733 1331 2776 cel
1361 2733 1401 2790 c)
1425 2733 1534 2776 iuris
1555 2731 1723 2790 ferendi
1746 2737 1793 2773 ti-

166 2802 275 2846 tulos
308 2817 379 2847 sen
413 2804 713 2860 appellationes
746 2803 930 2858 lionoris,
966 2810 1115 2847 vestem
1147 2818 1219 2848 sen
1264 2804 1538 2847 honorificum
1578 2803 1792 2846 indumen-

166 2879 269 2927 tum,
302 2874 487 2931 insiqnia
530 2874 694 2918 illorum
740 2875 952 2918 titulorum
987 2880 1058 2919 ant
1093 2877 1130 2918 in
1166 2875 1334 2919 honoris
1367 2877 1645 2919 testimonium
1682 2886 1793 2916 rece-
