1981 3182
217 156 263 188 24
693 153 776 187 Lm.
803 153 848 187 V.
875 173 888 179 -
914 152 1023 186 PARS
1049 152 1078 187 Ι.
1105 173 1117 177 -
1143 152 1200 186 De
1224 153 1376 187 delictis
1639 151 1732 187 Can.
1758 151 1854 186 2205

221 278 300 316 tate
346 271 595 328 legislatoris
638 271 923 328 ecclesiastici,
958 274 1025 328 qui
1071 276 1208 315 custos
1252 272 1494 315 indeficiens
1530 272 1763 317 censendus
1795 277 1855 315 est

218 344 386 386 divinae
424 343 537 399 legis,
574 338 684 397 fidei,
719 342 1027 386 ecclesiasticae
1045 344 1304 385 auctoritatis
1326 355 1374 385 ac
1399 343 1680 386 indemnitatis
1702 345 1855 386 anima-

220 428 327 467 rum,
363 414 471 457 unde
504 415 730 457 connivere
764 415 906 470 nequit
942 414 1149 469 praefatae
1187 412 1411 457 violationi.

304 541 307 545 Δ
337 484 468 527 Metus
501 489 561 527 est
596 484 816 540 peculiaris
849 495 988 535 causa,
1022 496 1144 540 quam
1179 484 1415 527 considerat
1436 483 1464 541 ξ
1486 486 1527 526 4.
1555 483 1691 527 lnnoc.
1727 483 1776 526 lv
1813 487 1850 527 in

218 555 342 600 Conc.
377 555 508 612 Lugd.
545 560 717 598 testatur
741 556 752 577 1
775 572 781 595 :
823 570 844 594 «
871 556 1085 597 Praeterea
1105 568 1197 597 cum
1223 568 1367 597 omnes
1388 554 1499 610 leges
1517 557 1739 612 omniaque
1763 557 1851 598 iura

221 629 301 669 vim
342 628 378 669 vi
417 626 631 682 repellere,
665 627 909 682 cunctisque
943 639 1032 668 sese
1075 626 1290 668 defensare
1333 628 1601 682 permittant;
1636 625 1751 669 licuit
1775 629 1850 668 uti-

215 687 296 755 que
331 700 405 753 ipsi
441 697 607 740 Decano
632 713 672 750 )>,
705 700 782 739 etc.
817 709 864 739 ac
900 697 1004 738 infra
1041 699 1332 753 prosequitur:
1371 712 1392 737 «
1415 696 1463 739 Et
1498 697 1665 753 quidem
1690 709 1784 740 cum
1810 696 1853 739 li·

216 774 306 812 ceat
350 768 520 812 cuilibet
563 781 637 811 suo
683 769 819 810 vicino
868 766 930 809 vel
977 769 1166 823 proximo
1201 772 1368 823 propter
1403 767 1683 824 repellendam
1724 769 1853 823 ipsius

217 842 407 883 inim-lan]
443 853 562 882 sunm
600 841 801 894 impertiri
837 838 1055 892 auxilium,
1090 841 1171 881 imo
1204 841 1235 881 si
1274 843 1404 895 potest
1427 844 1467 881 et
1498 838 1686 895 negligit,
1711 838 1850 882 videa-

216 915 282 954 tur
316 913 579 954 iniuriantem
609 910 766 963 fovere,
799 922 847 951 ac
871 923 960 952 csse
985 912 1192 965 particeps
1226 912 1315 952 eius
1337 909 1497 966 culpae.
1524 910 1637 953 licuit
1668 910 1853 966 profecto

217 984 290 1038 ipsi
324 981 481 1024 decano
508 996 547 1032 n,
583 985 659 1023 etc.
695 1006 747 1010 -
784 979 890 1023 Hinc
925 981 1013 1023 iure
1047 980 1237 1023 decrevit
1268 979 1394 1023 Clem.
1433 979 1463 1022 V
1498 983 1536 1023 in
1572 979 1694 1025 Conc.
1735 979 1853 1024 Vien-

218 1054 332 1096 nensi
358 1051 400 1095 2;
440 1051 533 1094 «Et
568 1051 675 1094 idem
711 1051 762 1094 de
796 1050 863 1093 illo
898 1064 1117 1094 censemus
1150 1051 1275 1108 (quod
1312 1051 1466 1094 nullam
1501 1065 1549 1095 ex
1587 1052 1662 1095 Loc
1697 1054 1853 1108 irregu-

217 1123 420 1166 laritatem
458 1122 664 1178 incurrit),
697 1123 767 1179 qui
805 1127 976 1164 mortem
1012 1121 1132 1164 aliter
1168 1124 1298 1165 vitare
1332 1135 1411 1164 non
1450 1122 1604 1174 valens,
1639 1135 1759 1165 suum
1783 1134 1849 1165 oc-

215 1194 315 1237 cidit
351 1193 412 1236 vel
450 1193 612 1236 mutilat
646 1195 881 1236 invasorem
909 1209 946 1237 )).

334 1264 407 1307 His
440 1264 679 1317 concordat,
713 1263 899 1321 aliosque
934 1269 1069 1307 textus
1102 1263 1433 1320 conqnehendit,
1467 1277 1741 1321 normamque
1775 1270 1854 1307 tra-

214 1336 273 1378 dit
306 1335 554 1391 completam
592 1334 880 1391 praescribens
914 1347 1073 1379 canon:
1117 1334 1253 1377 Causa
1287 1348 1359 1378 seu
1394 1338 1598 1378 motivum
1631 1335 1672 1392 a)
1711 1335 1850 1393 legiti-

213 1420 318 1457 mae,
345 1406 448 1449 idest
469 1423 475 1450 :
499 1411 698 1462 quantum
726 1405 838 1461 leges
864 1408 1120 1461 permittunt,
1147 1405 1306 1447 {melae
1330 1419 1401 1448 seu
1426 1405 1677 1449 defensionis
1702 1405 1744 1462 b)
1763 1419 1854 1449 eon-

216 1483 282 1519 lra
316 1477 521 1520 iniuslum
558 1479 735 1533 proprie,
781 1490 828 1519 eo
863 1477 971 1533 quod
1008 1482 1144 1519 nostra
1181 1476 1301 1529 bona,
1321 1476 1648 1520 incolumitatem
1682 1490 1755 1520 seu
1793 1479 1850 1519 ri-

214 1554 295 1592 tam
331 1562 497 1606 (pioque
532 1550 706 1603 impetit,
751 1561 1038 1605 ayqressorem
1087 1553 1170 1590 tum
1222 1550 1366 1601 nostri,
1417 1553 1501 1590 lum
1544 1550 1738 1604 proximi,
1786 1550 1851 1591 cui

213 1619 437 1663 subvenire
479 1632 709 1676 possumus,
743 1619 781 1661 si
813 1618 994 1661 debitum
1041 1625 1233 1661 servetur
1264 1618 1545 1669 moderamen,
1580 1621 1630 1662 ita
1679 1624 1719 1662 ut
1759 1632 1850 1675 pro-

217 1693 445 1747 portionata
481 1691 632 1733 damno
665 1693 713 1732 sit
750 1690 875 1732 tutela
901 1695 937 1733 el
963 1695 1162 1747 quantuni
1184 1693 1232 1732 sit
1259 1704 1427 1733 necesse
1450 1691 1499 1733 ad
1525 1690 1735 1733 efficacem
1763 1689 1852 1733 illo-

216 1775 304 1804 rum
340 1763 718 1813 conservationem,
754 1761 864 1803 unde
900 1766 1065 1803 manent
1105 1761 1296 1803 titandae
1333 1764 1369 1803 in
1398 1763 1514 1817 praxi
1552 1763 1852 1816 propositiones

214 1833 347 1875 30-33
383 1833 602 1875 damnatae
638 1835 675 1874 in
712 1832 808 1876 Dec.
843 1834 880 1874 S.
916 1829 1052 1876 Officii
1079 1832 1121 1879 3;
1159 1832 1223 1874 illa
1259 1845 1358 1888 ergo
1392 1845 1515 1875 causa
1540 1832 1757 1888 tripliciter
1779 1832 1848 1876 de-

215 1907 433 1948 terminata
470 1903 669 1946 delictum
703 1918 773 1946 seu
814 1904 957 1959 «legis
994 1903 1258 1946 violationem
1295 1903 1507 1959 (quaeliat
1543 1903 1607 1946 illa
1633 1903 1684 1946 de
1707 1904 1851 1959 causa)

215 1976 428 2018 moraliter
463 1974 747 2031 imputabilem
773 1990 795 2015 »
834 1974 943 2031 (can.
980 1974 1112 2031 2195)
1151 1974 1319 2017 omnino
1353 1974 1509 2032 aufert.
1537 1974 1626 2017 Post
1652 1979 1847 2031 punctum

214 2051 252 2090 et
278 2047 480 2103 virgulam
510 2048 773 2102 prosequitur
801 2059 961 2089 canon:
995 2059 1124 2095 secus,
1148 2045 1333 2089 scilicet:
1369 2059 1417 2088 ex
1452 2050 1647 2089 contextu
1676 2045 1848 2089 verbum

215 2117 291 2160 hoc
327 2119 495 2173 respicit
527 2116 790 2159 solummodo
829 2132 850 2157 «
873 2119 905 2159 si
940 2116 1126 2159 debitum
1164 2115 1281 2173 (non)
1315 2121 1508 2159 sei-vetur
1528 2116 1851 2171 moderamen»,

213 2187 601 2246 imputabililalem,
635 2201 758 2244 quam
795 2200 925 2230 canon
960 2190 1153 2243 supponit
1190 2187 1283 2229 inde
1307 2192 1536 2230 exstantem
1563 2186 1850 2231 lamwnmodo

215 2257 367 2300 minuit
423 2273 443 2298 «
468 2270 590 2300 causa
642 2257 850 2314 legitimae
895 2258 1046 2301 tutelae
1090 2262 1230 2301 contra
1267 2260 1462 2300 iniustum
1497 2270 1782 2314 aggressorem
1810 2274 1849 2304 )),

213 2331 277 2372 cui
311 2331 608 2386 aequiparatur
639 2332 727 2372 iure
760 2329 894 2386 quoad
943 2328 1274 2385 imputabilitatis
1316 2329 1649 2374 diminutionem.
1695 2342 1765 2372 seu
1808 2335 1849 2372 ut

211 2399 350 2443 subdit
386 2399 621 2455 legislator:
655 2400 764 2442 sieut
797 2400 923 2443 eliam
958 2414 1087 2442 (amsa
1116 2399 1444 2457 provocationis.

331 2470 463 2513 Huius
497 2471 736 2527 exemplum
781 2470 899 2514 nobis
942 2471 1061 2514 oss'ert
1093 2484 1183 2527 cap.
1220 2471 1272 2513 18
1311 2486 1330 2511 «
1354 2470 1405 2513 de
1440 2470 1666 2514 homicidio
1704 2470 1846 2514 volun-

214 2543 315 2584 tario
352 2541 414 2584 vel
449 2543 602 2585 casuali
639 2540 705 2599 (V,
742 2540 813 2597 11)
849 2541 898 2596 Χ,
934 2544 971 2584 ἰι]
1006 2555 1087 2599 quo
1122 2541 1258 2585 lnnoc.
1301 2541 1347 2583 lll
1375 2543 1458 2584 ait:
1498 2541 1580 2584 «Si
1617 2544 1845 2598 rer0(que-

215 2612 482 2655 madmodum
531 2612 789 2668 perhibetur)
833 2612 1028 2656 sacerdos
1071 2615 1158 2667 iste,
1200 2614 1312 2668 prius
1344 2612 1395 2656 ab
1430 2612 1498 2655 illo
1531 2625 1753 2669 percussus
1784 2625 1846 2655 sa-

213 2682 367 2738 crilego
401 2683 469 2737 (en
510 2699 531 2720 a
554 2696 677 2726 causa
714 2686 1021 2739 provocationis
1044 2682 1103 2740 n),
1140 2697 1233 2726 mox
1258 2697 1352 2726 eum
1378 2697 1471 2726 cum
1494 2683 1630 2740 ligone
1650 2685 1687 2725 in
1713 2686 1847 2740 capite

330 2813 340 2835 ¹
371 2812 462 2857 Cap.
493 2813 513 2845 6
547 2828 559 2841 «
580 2812 625 2846 de
650 2814 853 2847 sententia
880 2813 1302 2847 excommunicationis
1321 2824 1338 2843 »
1369 2812 1433 2845 tit.
1463 2811 1532 2851 XI,
1563 2811 1650 2845 Lib.
1680 2811 1706 2841 Y
1731 2811 1770 2844 in
1798 2811 1846 2845 60.

213 2881 256 2885 —
281 2861 295 2882 2
322 2860 413 2904 Cap.
443 2871 511 2893 un.
545 2876 557 2889 «
580 2860 626 2893 de
664 2859 876 2894 homicidio
913 2860 1139 2894 voluntario
1175 2860 1237 2894 vel
1277 2859 1453 2893 casuali»
1499 2859 1563 2895 tit.
1589 2859 1656 2901 IV,
1698 2857 1782 2892 Lib.
1813 2858 1845 2891 V

212 2908 253 2941 in
281 2907 402 2942 Clem.
432 2927 476 2933 —-
502 2907 515 2929 3
541 2909 562 2940 2
589 2907 721 2941 Martii
754 2908 855 2941 1679.
885 2907 1125 2953 Denzinger,
1155 2920 1194 2941 n.
1225 2907 1436 2942 1180-1183.
