1981 3182
210 165 256 200 38
674 164 760 198 Lm.
789 164 834 198 V.
865 185 875 189 -
904 164 1014 198 PARS
1039 164 1070 198 Ι.
1099 185 1110 189 -
1138 164 1195 199 De
1220 165 1370 199 delictis
1625 163 1718 199 Gan.
1744 161 1841 197 2210

213 286 464 340 poeniteat»
502 288 541 326 et
574 296 663 339 cap.
700 284 724 341 ξ’)
758 297 806 326 ex
841 296 923 340 quo
973 298 993 323 c<
1015 283 1055 326 Si
1090 295 1281 338 egressus
1329 284 1435 338 ignis
1477 281 1839 338 comprehenderit
1883 334 1886 335 ⁷

213 366 387 396 acervos
422 354 604 409 frugum,
636 356 725 396 sive
758 359 912 396 stantes
945 358 1106 409 segetes
1140 356 1177 395 in
1213 355 1341 408 agris;
1367 352 1509 396 reddet
1533 353 1746 404 damnum,
1770 354 1840 410 qui

213 427 348 480 ignem
384 424 645 467 succenderit
671 440 710 464 )).

330 494 414 536 lino
450 495 686 550 praedictae
709 494 983 551 obligationes
1018 499 1231 537 transeunt
1255 494 1304 536 ad
1332 493 1548 547 haeredes,
1573 495 1629 536 uti
1655 494 1841 537 decernit

211 564 329 609 Alex.
367 564 415 607 lll
451 567 487 607 in
523 578 612 621 cap.
650 565 672 607 5
713 581 731 605 (<
756 565 806 607 de
842 564 1090 621 raptoribus,
1117 564 1427 607 incendiariis...
1451 568 1564 606 etc.»
1594 562 1660 620 (V,
1687 563 1758 620 17)
1782 562 1840 606 X:

216 633 525 691 «Quapropter
556 638 587 678 si
622 638 675 678 ita
711 649 774 678 res
806 649 849 678 se
882 634 1056 678 habent:
1104 634 1360 689 Mandamus‚
1394 639 1437 677 ut
1470 647 1621 690 corpus
1653 634 1839 677 eiusdem

211 706 486 762 appellatione
520 711 707 749 cessante
741 707 865 749 facias
900 708 937 748 in
973 708 1223 749 coemeterio
1257 705 1442 761 sepeliri:
1469 710 1505 748 et
1530 704 1732 748 haeredes
1754 706 1843 747 eius

214 789 381 820 moneas
415 782 453 820 et
487 777 727 833 compellas,
763 782 803 819 ut
837 776 913 825 his,
949 776 1100 834 quibus
1145 776 1212 819 ille
1257 790 1329 832 per
1374 776 1627 828 incendium,
1664 775 1726 818 vet
1762 775 1841 818 alio

214 848 334 890 modo
368 848 517 890 damna
552 853 693 890 contra
730 849 925 890 iustitiam
962 851 1235 903 irrogaverat,
1256 849 1367 889 iuxta
1390 838 1605 890 facultates
1627 858 1723 889 suas
1744 859 1840 889 con-

212 918 335 974 digne
368 920 635 971 satisfaciant,
673 923 713 961 ut
747 920 803 961 sic
837 931 858 961 a
893 923 1062 974 peccato
1100 917 1232 960 valeat
1268 917 1433 960 liberari
1461 934 1498 960 )).
1535 917 1583 960 Et
1617 920 1655 960 in
1689 930 1779 973 cap.
1817 917 1840 959 9

217 1004 236 1029 <(
262 989 312 1032 de
336 991 472 1032 usuris
495 1004 516 1029 ›>
544 988 609 1044 (V.
637 989 707 1045 21)
734 988 765 1031 X
795 991 948 1044 pariter
981 989 1151 1031 dicitur:
1193 1004 1212 1028 ((
1236 988 1343 1046 quod
1372 988 1443 1030 filii
1477 989 1526 1031 ad
1563 988 1841 1031 restituendas

214 1072 371 1109 usuras,
407 1072 453 1102 ea
487 1066 578 1102 sunt
615 1060 872 1102 districtione
907 1059 1097 1115 cogendi.
1128 1072 1206 1115 qua
1245 1064 1437 1115 parentes
1460 1062 1537 1110 sui,
1571 1061 1601 1101 si
1639 1061 1843 1113 vix-erent,

211 1136 474 1186 cogerentur.
513 1130 691 1186 ldipsum
728 1132 851 1173 etiam
887 1135 1027 1172 contra
1065 1129 1266 1173 haeredes
1299 1130 1644 1172 exercendum».

331 1199 516 1256 Denique
550 1200 632 1242 duo
666 1200 742 1242 alia
780 1202 913 1256 capita
949 1199 1282 1256 explanationem
1318 1198 1598 1255 complebunt.
1623 1199 1840 1254 desumpta

210 1285 259 1314 ex
289 1273 345 1314 tit.
376 1271 467 1314 «de
493 1273 654 1314 iniuriis
687 1276 725 1314 et
749 1271 902 1314 damno
937 1272 1075 1314 dato»
1115 1272 1183 1324 36,
1208 1270 1294 1314 Lib.
1324 1270 1365 1316 V.
1393 1270 1433 1313 ln
1459 1283 1548 1326 cap.
1576 1271 1589 1312 1
1623 1283 1671 1313 ex
1698 1269 1842 1313 Exodo

213 1342 381 1398 legitur:
423 1358 441 1381 «
466 1342 504 1384 Si
542 1345 663 1385 rixati
700 1344 850 1385 tuerint
886 1342 1086 1393 homines,
1122 1348 1159 1385 et
1194 1345 1444 1398 percusserit
1478 1341 1581 1385 alter
1605 1343 1841 1398 proximum

211 1426 330 1456 suum
368 1413 516 1469 lapide.
555 1413 616 1456 vel
654 1426 807 1469 pugno,
842 1418 879 1456 et
915 1413 982 1456 ille
1018 1418 1204 1456 mortuus
1238 1427 1315 1455 non
1351 1414 1489 1463 fuerit,
1523 1414 1554 1455 si
1590 1414 1765 1456 iacuerit
1800 1413 1838 1454 in

212 1484 339 1528 lecto:
374 1486 442 1541 qui
469 1487 718 1540 percusserit
742 1497 890 1540 operas
913 1487 1013 1538 eius,
1034 1490 1071 1527 et
1098 1487 1305 1540 impensas
1329 1487 1366 1526 in
1389 1484 1573 1527 medicos
1596 1485 1839 1526 restituat».

211 1554 259 1598 Et
293 1554 500 1598 Honorius
555 1555 602 1597 lll
651 1555 862 1599 rescribit:
902 1554 1084 1608 «Quare
1119 1569 1191 1598 nos
1224 1558 1312 1598 eius
1346 1568 1541 1611 processu
1586 1557 1746 1611 penitus
1779 1567 1841 1596 re-

216 1630 377 1678 vocato,
412 1639 634 1669 commune
670 1626 892 1670 Florentin.
929 1629 1021 1683 quia
1050 1626 1295 1670 banniverat
1321 1625 1568 1682 Episcopum
1595 1625 1840 1668 Fesulannm

212 1701 354 1739 contra
390 1695 534 1742 Deum.
571 1702 608 1739 et
644 1697 966 1740 ecclesiasticam
1004 1697 1250 1748 libertatem,
1287 1701 1453 1753 propter
1487 1698 1678 1739 iniuriam
1706 1694 1843 1749 banni,

212 1780 417 1823 expensas
449 1773 486 1810 et
522 1768 671 1811 damna
707 1768 775 1811 tali
811 1771 1029 1812 occasione
1062 1773 1216 1811 secuta.
1241 1770 1449 1811 taxatione
1475 1770 1706 1810 iuramento
1730 1778 1844 1822 prae-

211 1841 350 1890 missa,
387 1841 424 1881 in
462 1838 572 1881 mille
609 1838 723 1882 libris
757 1839 912 1882 usualis
946 1844 1150 1891 monetae,
1184 1840 1395 1895 praedicto
1438 1838 1642 1894 Episcopo
1680 1841 1842 1880 senten-

211 1909 364 1952 tialiter
398 1910 594 1953 duximus
628 1910 991 1953 condemnandum
1019 1926 1055 1954 ³).

332 1980 715 2037 Interpretationem
745 1994 881 2037 praec.
917 1981 954 2034 §³
979 1983 1196 2023 contirmat
1218 1980 1246 2038 ἓ
1267 1983 1298 2023 2
1318 1981 1482 2024 dicens:
1525 1978 1710 2037 Utraque
1732 1978 1842 2022 aelio

213 2065 360 2108 nempe
395 2051 542 2107 triplex
584 2051 859 2108 «poenalis»
897 2066 945 2095 ex
972 2051 1016 2094 n⁰
1061 2051 1100 2094 1Ο
1124 2057 1161 2094 et
1200 2067 1220 2092 α
1244 2051 1381 2095 civilis
1404 2067 1423 2092 ³>
1463 2065 1511 2093 ex
1553 2051 1596 2093 n⁰
1632 2050 1675 2093 2⁰
1708 2049 1840 2107 expli-

213 2128 335 2164 emm·
368 2122 495 2165 idest:
532 2123 580 2165 ad
617 2123 808 2165 effectum
844 2123 1066 2166 deducitur
1109 2121 1164 2165 ad
1208 2135 1394 2164 normam
1441 2136 1530 2165 can.
1565 2122 1841 2175 15521959,

212 2192 392 2235 scilicet:
434 2195 612 2235 servatis
661 2193 796 2249 quoad
847 2192 952 2235 hanc
1002 2195 1205 2236 actionem
1249 2206 1300 2235 ss.
1336 2191 1577 2243 canonibus,
1612 2193 1682 2247 qui
1715 2195 1842 2246 agunt

218 2262 312 2304 «de
348 2262 653 2318 processibus»
710 2266 746 2305 in
799 2263 884 2307 Lib.
923 2261 971 2305 iv
1008 2276 1136 2319 usque
1186 2263 1234 2305 ad
1281 2265 1339 2304 tit.
1376 2260 1504 2304 xviii
1552 2261 1768 2309 inclusive,
1803 2265 1842 2303 et

213 2333 347 2390 quoad
386 2333 496 2375 illam
531 2337 682 2376 ceteris
722 2334 815 2376 «de
850 2333 1003 2376 iudicio
1052 2333 1302 2376 criminali»
1353 2335 1389 2374 in
1426 2335 1484 2375 tit.
1522 2331 1620 2374 XIX
1654 2332 1838 2374 eiusdem

215 2403 320 2447 libri.
357 2417 532 2460 quorum
570 2409 802 2460 postremus
834 2416 923 2447 can.
964 2405 1072 2446 1959
1108 2407 1185 2446 ait:
1227 2419 1248 2443 α
1273 2405 1311 2446 in
1349 2403 1518 2460 reliquis
1539 2407 1841 2445 sei-venturie-

213 2473 334 2529 gulae
371 2477 407 2515 in
441 2476 632 2516 sectione
670 2474 803 2517 Prima
839 2474 962 2517 liuius
996 2474 1103 2517 Libri
1126 2475 1301 2517 traditae
1325 2490 1362 2516 ».
1401 2473 1668 2529 Prosequitur
1700 2474 1841 2528 stepa-

217 2543 470 2600 ragraphus:
506 2550 543 2585 el
579 2544 683 2586 idem
721 2544 847 2587 indes
879 2550 1120 2600 competens
1154 2544 1194 2586 in
1231 2543 1449 2586 criminali
1473 2542 1644 2595 iudicio,
1670 2555 1839 2598 nempe:

219 2629 237 2652 «
262 2616 380 2656 cuius
413 2614 618 2656 obiectum
655 2620 746 2657 sunt
782 2615 931 2657 delicta
969 2617 1006 2656 in
1042 2615 1186 2657 ordine
1210 2615 1259 2657 ad
1283 2627 1453 2670 poenam
1482 2613 1748 2669 infligendam
1777 2612 1838 2655 vel

213 2683 505 2726 declarandam
532 2700 553 2724 ))
593 2684 702 2739 (can.
742 2685 866 2738 1559,
900 2685 927 2743 ’δ’
961 2685 998 2734 ἓ,
1026 2684 1103 2741 20),
1127 2690 1164 2727 et
1191 2687 1227 2727 in
1254 2699 1334 2741 quo
1360 2684 1572 2728 tractanda
1593 2689 1651 2726 est
1675 2695 1840 2740 quoque

215 2760 383 2810 propter
416 2758 715 2797 connexionem
772 2756 1040 2798 «satisfactio
1092 2756 1331 2811 petenda»,
1373 2760 1510 2813 poles!
1546 2757 1582 2796 vi
1618 2754 1740 2796 huius
1773 2766 1839 2796 ca-

214 2827 330 2867 nonis
363 2825 432 2868 sed
468 2826 599 2868 solum
637 2826 691 2867 ad
726 2826 974 2868 instantiam
1005 2827 1147 2884 partis
1181 2825 1335 2875 laesae,
1370 2832 1407 2868 et
1441 2838 1548 2883 quae
1581 2823 1702 2867 habet
1728 2823 1837 2866 illam
