1981 3182
1489 2 1493 3 ⁷
1554 7 1564 17 V.
1597 0 1981 80 ῥ-μαζπῐιὴνςς-’γ-Ἲη

1940 73 1968 95 5¹.

1944 98 1968 113 ’,η

210 146 255 180 74
675 146 760 180 Liss.
790 145 835 179 V.
865 166 876 170 -
905 146 1014 180 PARS
1040 146 1091 179 II.
1120 165 1132 170 -
1160 146 1215 180 De
1236 149 1373 190 poenis
1518 146 1611 181 Can.
1638 146 1839 182 2229-2230

211 268 466 308 coactionem
501 265 752 319 adstrictus3
787 270 856 308 aut
892 279 962 321 per
997 270 1150 308 metum
1188 265 1422 309 inductus...
1461 265 1500 307 ln
1525 266 1709 308 secundo
1742 278 1838 308 casu

214 338 304 379 licet
342 342 475 379 metus
509 340 693 378 attenuet
727 335 921 391 culpam:
956 338 1051 393 quia
1088 340 1223 378 tamen
1260 349 1338 378 non
1373 348 1462 378 eam
1501 329 1668 392 prorsus
1700 335 1839 379 exclu-

211 407 284 456 dit,
319 420 411 449 cum
451 421 522 462 pro
558 406 667 449 nullo
704 411 812 449 metu
848 406 996 449 debeat
1032 409 1123 463 quis
1156 406 1329 449 mortale
1364 412 1577 462 peccatum
1614 409 1842 460 incurrere,

212 480 657 521 excommunicationis
683 477 773 520 labe
807 478 1019 521 credimus
1054 480 1259 534 inquinari
1286 494 1324 518 ›>.
1350 477 1465 521 Hanc
1491 480 1690 521 rationem
1728 491 1841 521 reco-

213 551 371 605 gnoscit
411 548 589 591 validam
641 548 865 603 legislator,
898 549 995 592 dum
1032 551 1172 592 statuit
1215 551 1278 592 39
1315 548 1452 592 Metus
1499 552 1620 592 etiam
1656 549 1843 593 absolute

211 619 358 677 yraris
390 619 442 662 ol)
478 622 609 663 minas
639 622 795 673 mortis,
830 620 867 661 si
910 619 1124 671 delictum,
1160 620 1209 663 ad
1245 620 1353 677 quod
1394 622 1452 663 sic
1485 622 1688 676 quispiam
1726 621 1842 663 indu-

214 693 334 744 citur,
371 696 512 747 rerqal
547 692 585 739 ast
610 691 649 733 in
686 696 964 747 contemplum
998 690 1095 746 fidei
1123 705 1158 735 v.
1189 706 1249 747 gr.
1276 691 1375 734 dare
1408 704 1557 733 nomen
1592 696 1729 734 sectae
1752 703 1844 734 aea-

215 761 406 814 tholicae,
443 761 483 818 b)
518 767 592 803 aa!
625 761 936 804 ecclesiasticae
980 762 1254 804 (tuetoritatis
1291 776 1326 807 v.
1363 775 1424 818 gr.
1459 762 1685 804 efficaciter
1716 764 1844 818 impe-

213 832 303 874 dire
337 835 581 875 exercitium
619 833 916 875 iurisdictionis
952 834 1024 875 fori
1060 835 1234 880 externi,
1268 832 1308 889 c)
1345 832 1405 875 rel
1434 833 1477 875 in
1506 831 1719 890 publicum
1754 832 1843 875 ani-

218 916 380 945 marum
413 902 611 945 (laninam
649 918 684 946 v,
720 918 782 960 gr.
817 904 942 946 editio
979 904 1177 947 librorum
1204 917 1224 947 a
1249 905 1354 947 Sede
1388 903 1626 959 Apostolica
1661 905 1845 947 nomina-

217 977 286 1016 tim
340 974 657 1030 prohibitorum,
694 980 789 1018 tunc
824 989 846 1016 (1
878 974 1026 1032 poenis
1076 974 1328 1032 quibuslibet
1363 974 1478 1017 [alae
1516 974 1752 1017 sententiae
1783 988 1844 1017 so-

218 1044 430 1087 lummodo
465 1059 543 1087 non
580 1045 727 1087 eoei'im'l
761 1044 997 1087 huiusmodi
1041 1065 1054 1081 «ι
1083 1044 1268 1088 delicti»
1309 1059 1412 1088 reos.

335 1115 452 1158 Ratio
487 1118 524 1158 in
560 1115 849 1159 Decretalibns
892 1128 1084 1172 expressa
1121 1130 1198 1159 non
1235 1119 1369 1158 minus
1413 1121 1546 1172 urget.
1581 1116 1748 1174 quando
1782 1116 1847 1159 lex

220 1186 401 1242 poenalis
430 1202 447 1226 «
474 1186 624 1230 habeat
651 1187 776 1229 verba
801 1203 823 1227 ›>
852 1189 890 1229 in
917 1200 1051 1243 praec.
1078 1187 1120 1239 ἐϋ
1145 1187 1372 1243 designata.
1402 1192 1687 1230 verumtamen
1719 1203 1739 1227 «
1764 1200 1848 1230 me-

218 1263 281 1300 tus
315 1259 499 1314 gravis»
538 1258 802 1314 supradictus
831 1260 1058 1300 «eximit»
1097 1258 1147 1301 ab
1181 1258 1336 1301 eisdem
1374 1260 1527 1314 poenis.
1556 1284 1605 1288 ψ·
1631 1258 1848 1301 Sufficiens

221 1327 384 1370 videtur
419 1341 677 1384 responsum,
709 1330 804 1385 quia
851 1328 1060 1384 legislator
1095 1342 1167 1385 per
1202 1328 1267 1371 illa
1308 1327 1432 1371 verba
1475 1330 1605 1371 innuit
1641 1330 1789 1384 respici
1825 1340 1845 1370 a

217 1411 259 1440 se
294 1397 492 1441 delictum
529 1412 608 1455 qua
660 1403 865 1454 patratum
915 1412 1008 1441 cum
1061 1399 1177 1455 plena
1224 1399 1426 1453 libertate,
1465 1399 1566 1442 alias
1616 1398 1850 1455 relinquere

220 1468 327 1512 idem
365 1469 618 1525 puniendum
654 1471 865 1525 superiori
916 1469 1208 1524 delinquentis
1244 1475 1523 1525 congruenter
1563 1470 1609 1527 §⁰
1648 1471 1850 1527 sequenti.

339 1539 512 1582 Demnm
538 1542 633 1597 quia
654 1542 896 1596 contingere
922 1545 1068 1596 potest,
1095 1545 1133 1583 ut
1161 1540 1223 1583 lex
1261 1540 1444 1596 poenalis
1477 1539 1604 1583 solam
1631 1552 1848 1583 censuram

220 1611 323 1654 latae
357 1614 585 1654 sententiae
630 1611 775 1654 habeat
822 1611 1021 1660 additam,
1056 1617 1287 1668 opportune
1322 1624 1523 1654 canonem
1555 1611 1713 1667 perlicit
1749 1613 1772 1665 ἐ
1806 1613 1849 1655 4.

223 1681 335 1724 Licet
370 1696 464 1724 reus
498 1685 554 1725 sic
589 1683 724 1725 dictus
757 1683 809 1726 ob
844 1688 1047 1739 patratum
1083 1683 1280 1726 delictum
1317 1682 1506 1725 censuris
1540 1684 1706 1739 proprie
1730 1682 1852 1725 dictis

220 1753 334 1796 latae
367 1754 601 1796 sententiae
635 1754 712 1810 legi
749 1760 1031 1810 transgressae
1069 1754 1242 1796 adnexis
1276 1753 1331 1796 acl
1365 1767 1554 1796 normam
1591 1753 1619 1811 ἓ
1649 1754 1681 1796 3
1715 1765 1849 1809 praec.

220 1830 278 1867 Ἰηθ.
301 1828 321 1867 l
341 1838 418 1867 non
441 1830 635 1867 teneatur
660 1828 695 1868 in
721 1838 818 1868 casu
853 1826 1081 1868 secundnm
1108 1825 1216 1867 illius
1241 1837 1410 1867 normae
1440 1824 1783 1877 declarationem,
1808 1822 1852 1866 id

221 1901 356 1938 tstmen
394 1910 471 1939 non
508 1896 695 1954 impedit,
720 1910 790 1939 seu
827 1910 904 1939 non
941 1896 1073 1940 obstat
1099 1896 1177 1939 tale
1215 1898 1534 1952 praescriptum,
1559 1895 1852 1952 quoinz'mcs,st'

222 1979 288 2008 res
320 1965 433 2023 serat
470 1970 579 2010 iuxta
627 1967 871 2023 prudentem
917 1969 1324 2010 circninstantiarum
1369 1966 1724 2022 pmiderationem.
1758 1978 1851 2008 con-

218 2051 328 2094 ,qrna
363 2041 584 2081 commisso
619 2038 768 2081 delicto
805 2043 971 2094 propter
1003 2051 1093 2080 can
1130 2037 1240 2080 2218
1264 2037 1292 2094 3²
1321 2038 1331 2079 1
1373 2037 1462 2079 alia
1495 2050 1629 2093 poena
1668 2036 1851 2079 vindica-

224 2111 321 2157 tiva,
356 2111 428 2151 etsi
464 2122 485 2151 a
529 2109 619 2165 lege
663 2123 740 2151 non
776 2114 994 2160 statuatur,
1029 2107 1089 2150 rel
1120 2108 1382 2165 poenitentia
1432 2107 1541 2164 affici
1585 2106 1636 2150 ab
1673 2106 1851 2160 homine,

224 2180 355 2224 idest:
392 2193 411 2223 a
449 2180 584 2223 indice
621 2180 684 2223 vel
720 2182 942 2236 Superiore
976 2184 1112 2236 queat.
1162 2183 1269 2222 llaec
1304 2181 1516 2222 concessio
1549 2178 1745 2234 specialis
1778 2184 1851 2231 est,

225 2251 396 2307 proinde
434 2254 578 2306 rigens
613 2256 775 2307 praeter
808 2250 930 2293 aliam
968 2255 1208 2306 potestatem
1237 2252 1273 2292 in
1299 2264 1389 2293 can.
1428 2250 1538 2292 2222
1572 2249 1600 2306 3²
1629 2249 1662 2297 1,
1688 2248 1853 2305 quando

224 2321 324 2365 llaec
362 2324 397 2364 in
434 2335 528 2364 casn
565 2322 883 2377 applicationem
922 2335 998 2363 non
1034 2326 1244 2364 sortiatur.

345 2394 409 2435 130.
447 2394 691 2444 Quantum
727 2395 897 2438 eximit
929 2397 1070 2438 aetas
1103 2407 1134 2437 a
1167 2394 1340 2448 poenis
1384 2393 1595 2433 canonicis
1627 2389 1855 2433 subeundis

225 2478 297 2506 nos
330 2464 473 2506 edocet
508 2478 599 2506 cim.
622 2465 748 2506 3:230
780 2466 837 2506 sic
873 2464 1114 2506 decernens.
1149 2461 1399 2519 lmpuberes,
1427 2461 1643 2504 videlicet:
1674 2476 1693 2501 ((
1717 2462 1747 2502 si
1774 2472 1853 2502 ma-

224 2534 363 2577 sculus
399 2535 498 2576 infra
534 2534 741 2577 decimum
767 2539 977 2591 quartum,
1001 2536 1032 2576 si
1059 2534 1207 2576 femina
1245 2534 1345 2575 inira
1380 2532 1675 2575 duodecimum
1701 2543 1853 2573 annum

224 2604 474 2659 completum
496 2620 517 2644 »
560 2604 668 2660 (can.
704 2606 756 2647 823
792 2607 816 2658 ξ
849 2609 905 2657 2ι,
943 2609 1157 2660 postquam
1198 2606 1464 2659 «septimum
1510 2604 1656 2645 aetatis
1699 2613 1853 2644 annum

224 2675 498 2731 expleverunt
526 2691 563 2729 ›)‚
588 2680 846 2717 excusantur
881 2677 1037 2717 ratione
1071 2673 1196 2716 solius
1229 2675 1374 2716 aetatis
1398 2685 1445 2715 ac
1473 2675 1509 2714 vi
1536 2672 1657 2715 huius
1686 2673 1856 2714 canonis

226 2760 249 2788 a
280 2745 427 2803 poenis
461 2751 541 2787 tam
572 2745 836 2788 rindicatiris
869 2745 1216 2802 quibuscumqiw,
1251 2756 1374 2800 qnam
1407 2745 1606 2797 censuris,
1632 2741 1746 2784 latae
1769 2755 1857 2783 sen-

228 2817 384 2859 tentiae
418 2817 690 2860 incurrendis
716 2829 835 2858 secus
868 2828 914 2858 ac
941 2819 1002 2858 ius
1028 2814 1301 2858 Decretalium
1338 2813 1595 2870 supponebat
1621 2815 1657 2854 in
1683 2825 1774 2868 cap.
1801 2812 1853 2853 60

227 2891 284 2930 tit.
322 2886 492 2930 xxxtx
530 2886 613 2930 Lil).
643 2886 685 2940 Υ,
713 2886 760 2931 Χ,
784 2893 822 2929 el
856 2887 990 2943 quoad
1027 2899 1178 2943 poenas
1212 2885 1404 2928 ferendae
1438 2886 1665 2927 sententiae
1698 2888 1767 2926 aut
1801 2882 1851 2925 ab
